instrument,ts,bid,ask
EUR_USD,1640000000.0,1.12991,1.12999
EUR_USD,1640000001.0,1.12981,1.12989
EUR_USD,1640000002.0,1.12982,1.1299
EUR_USD,1640000003.0,1.12977,1.12985
EUR_USD,1640000004.0,1.12979,1.12987
EUR_USD,1640000005.0,1.12982,1.1299
EUR_USD,1640000006.0,1.12974,1.12982
EUR_USD,1640000007.0,1.12995,1.13003
EUR_USD,1640000008.0,1.12994,1.13002
EUR_USD,1640000009.0,1.12997,1.13005
EUR_USD,1640000010.0,1.13004,1.13012
EUR_USD,1640000011.0,1.12998,1.13006
EUR_USD,1640000012.0,1.13001,1.13009
EUR_USD,1640000013.0,1.13004,1.13012
EUR_USD,1640000014.0,1.12998,1.13006
EUR_USD,1640000015.0,1.12997,1.13005
EUR_USD,1640000016.0,1.1299,1.12998
EUR_USD,1640000017.0,1.12992,1.13
EUR_USD,1640000018.0,1.12994,1.13002
EUR_USD,1640000019.0,1.12999,1.13007
EUR_USD,1640000020.0,1.13001,1.13009
EUR_USD,1640000021.0,1.12992,1.13
EUR_USD,1640000022.0,1.13001,1.13009
EUR_USD,1640000023.0,1.13004,1.13012
EUR_USD,1640000024.0,1.12996,1.13004
EUR_USD,1640000025.0,1.12996,1.13004
EUR_USD,1640000026.0,1.12992,1.13
EUR_USD,1640000027.0,1.12997,1.13005
EUR_USD,1640000028.0,1.12999,1.13007
EUR_USD,1640000029.0,1.12999,1.13007
EUR_USD,1640000030.0,1.12999,1.13007
EUR_USD,1640000031.0,1.13,1.13008
EUR_USD,1640000032.0,1.12986,1.12994
EUR_USD,1640000033.0,1.12994,1.13002
EUR_USD,1640000034.0,1.12988,1.12996
EUR_USD,1640000035.0,1.12994,1.13002
EUR_USD,1640000036.0,1.12999,1.13007
EUR_USD,1640000037.0,1.12993,1.13001
EUR_USD,1640000038.0,1.12994,1.13002
EUR_USD,1640000039.0,1.12999,1.13007
EUR_USD,1640000040.0,1.13002,1.1301
EUR_USD,1640000041.0,1.12999,1.13007
EUR_USD,1640000042.0,1.13009,1.13017
EUR_USD,1640000043.0,1.13009,1.13017
EUR_USD,1640000044.0,1.1301,1.13018
EUR_USD,1640000045.0,1.1301,1.13018
EUR_USD,1640000046.0,1.13007,1.13015
EUR_USD,1640000047.0,1.13013,1.13021
EUR_USD,1640000048.0,1.13012,1.1302
EUR_USD,1640000049.0,1.13014,1.13022
EUR_USD,1640000050.0,1.13013,1.13021
EUR_USD,1640000051.0,1.13006,1.13014
EUR_USD,1640000052.0,1.13,1.13008
EUR_USD,1640000053.0,1.13012,1.1302
EUR_USD,1640000054.0,1.13017,1.13025
EUR_USD,1640000055.0,1.13016,1.13024
EUR_USD,1640000056.0,1.13016,1.13024
EUR_USD,1640000057.0,1.13017,1.13025
EUR_USD,1640000058.0,1.13021,1.13029
EUR_USD,1640000059.0,1.13023,1.13031
EUR_USD,1640000060.0,1.13034,1.13042
EUR_USD,1640000061.0,1.13034,1.13042
EUR_USD,1640000062.0,1.13037,1.13045
EUR_USD,1640000063.0,1.13034,1.13042
EUR_USD,1640000064.0,1.13032,1.1304
EUR_USD,1640000065.0,1.13032,1.1304
EUR_USD,1640000066.0,1.13042,1.1305
EUR_USD,1640000067.0,1.13046,1.13054
EUR_USD,1640000068.0,1.1305,1.13058
EUR_USD,1640000069.0,1.13037,1.13045
EUR_USD,1640000070.0,1.13043,1.13051
EUR_USD,1640000071.0,1.13051,1.13059
EUR_USD,1640000072.0,1.13064,1.13072
EUR_USD,1640000073.0,1.13068,1.13076
EUR_USD,1640000074.0,1.1307,1.13078
EUR_USD,1640000075.0,1.13071,1.13079
EUR_USD,1640000076.0,1.13054,1.13062
EUR_USD,1640000077.0,1.13055,1.13063
EUR_USD,1640000078.0,1.13061,1.13069
EUR_USD,1640000079.0,1.13067,1.13075
EUR_USD,1640000080.0,1.13062,1.1307
EUR_USD,1640000081.0,1.13057,1.13065
EUR_USD,1640000082.0,1.1306,1.13068
EUR_USD,1640000083.0,1.13069,1.13077
EUR_USD,1640000084.0,1.13083,1.13091
EUR_USD,1640000085.0,1.13077,1.13085
EUR_USD,1640000086.0,1.13079,1.13087
EUR_USD,1640000087.0,1.13081,1.13089
EUR_USD,1640000088.0,1.13092,1.131
EUR_USD,1640000089.0,1.13087,1.13095
EUR_USD,1640000090.0,1.13093,1.13101
EUR_USD,1640000091.0,1.13097,1.13105
EUR_USD,1640000092.0,1.13099,1.13107
EUR_USD,1640000093.0,1.13094,1.13102
EUR_USD,1640000094.0,1.13096,1.13104
EUR_USD,1640000095.0,1.13094,1.13102
EUR_USD,1640000096.0,1.13086,1.13094
EUR_USD,1640000097.0,1.1309,1.13098
EUR_USD,1640000098.0,1.13089,1.13097
EUR_USD,1640000099.0,1.13081,1.13089
EUR_USD,1640000100.0,1.13082,1.1309
EUR_USD,1640000101.0,1.13083,1.13091
EUR_USD,1640000102.0,1.13079,1.13087
EUR_USD,1640000103.0,1.13083,1.13091
EUR_USD,1640000104.0,1.13083,1.13091
EUR_USD,1640000105.0,1.13086,1.13094
EUR_USD,1640000106.0,1.13096,1.13104
EUR_USD,1640000107.0,1.13097,1.13105
EUR_USD,1640000108.0,1.13096,1.13104
EUR_USD,1640000109.0,1.13091,1.13099
EUR_USD,1640000110.0,1.13091,1.13099
EUR_USD,1640000111.0,1.13084,1.13092
EUR_USD,1640000112.0,1.13083,1.13091
EUR_USD,1640000113.0,1.13078,1.13086
EUR_USD,1640000114.0,1.13075,1.13083
EUR_USD,1640000115.0,1.13087,1.13095
EUR_USD,1640000116.0,1.13097,1.13105
EUR_USD,1640000117.0,1.13096,1.13104
EUR_USD,1640000118.0,1.13087,1.13095
EUR_USD,1640000119.0,1.13101,1.13109
EUR_USD,1640000120.0,1.13108,1.13116
EUR_USD,1640000121.0,1.13107,1.13115
EUR_USD,1640000122.0,1.13104,1.13112
EUR_USD,1640000123.0,1.13099,1.13107
EUR_USD,1640000124.0,1.13104,1.13112
EUR_USD,1640000125.0,1.13103,1.13111
EUR_USD,1640000126.0,1.13109,1.13117
EUR_USD,1640000127.0,1.13108,1.13116
EUR_USD,1640000128.0,1.13109,1.13117
EUR_USD,1640000129.0,1.13106,1.13114
EUR_USD,1640000130.0,1.13103,1.13111
EUR_USD,1640000131.0,1.13097,1.13105
EUR_USD,1640000132.0,1.13093,1.13101
EUR_USD,1640000133.0,1.13092,1.131
EUR_USD,1640000134.0,1.13089,1.13097
EUR_USD,1640000135.0,1.13088,1.13096
EUR_USD,1640000136.0,1.13084,1.13092
EUR_USD,1640000137.0,1.13082,1.1309
EUR_USD,1640000138.0,1.13074,1.13082
EUR_USD,1640000139.0,1.13071,1.13079
EUR_USD,1640000140.0,1.13072,1.1308
EUR_USD,1640000141.0,1.13074,1.13082
EUR_USD,1640000142.0,1.13067,1.13075
EUR_USD,1640000143.0,1.13062,1.1307
EUR_USD,1640000144.0,1.13069,1.13077
EUR_USD,1640000145.0,1.13059,1.13067
EUR_USD,1640000146.0,1.13057,1.13065
EUR_USD,1640000147.0,1.1306,1.13068
EUR_USD,1640000148.0,1.13062,1.1307
EUR_USD,1640000149.0,1.13061,1.13069
EUR_USD,1640000150.0,1.13067,1.13075
EUR_USD,1640000151.0,1.13069,1.13077
EUR_USD,1640000152.0,1.1306,1.13068
EUR_USD,1640000153.0,1.13063,1.13071
EUR_USD,1640000154.0,1.13057,1.13065
EUR_USD,1640000155.0,1.13068,1.13076
EUR_USD,1640000156.0,1.13072,1.1308
EUR_USD,1640000157.0,1.13069,1.13077
EUR_USD,1640000158.0,1.13065,1.13073
EUR_USD,1640000159.0,1.13073,1.13081
EUR_USD,1640000160.0,1.13081,1.13089
EUR_USD,1640000161.0,1.13092,1.131
EUR_USD,1640000162.0,1.1309,1.13098
EUR_USD,1640000163.0,1.13095,1.13103
EUR_USD,1640000164.0,1.13093,1.13101
EUR_USD,1640000165.0,1.13093,1.13101
EUR_USD,1640000166.0,1.13101,1.13109
EUR_USD,1640000167.0,1.13103,1.13111
EUR_USD,1640000168.0,1.13113,1.13121
EUR_USD,1640000169.0,1.13104,1.13112
EUR_USD,1640000170.0,1.13101,1.13109
EUR_USD,1640000171.0,1.13096,1.13104
EUR_USD,1640000172.0,1.13096,1.13104
EUR_USD,1640000173.0,1.131,1.13108
EUR_USD,1640000174.0,1.13095,1.13103
EUR_USD,1640000175.0,1.13106,1.13114
EUR_USD,1640000176.0,1.13108,1.13116
EUR_USD,1640000177.0,1.13111,1.13119
EUR_USD,1640000178.0,1.13111,1.13119
EUR_USD,1640000179.0,1.13122,1.1313
EUR_USD,1640000180.0,1.13131,1.13139
EUR_USD,1640000181.0,1.13137,1.13145
EUR_USD,1640000182.0,1.13138,1.13146
EUR_USD,1640000183.0,1.13138,1.13146
EUR_USD,1640000184.0,1.13135,1.13143
EUR_USD,1640000185.0,1.13148,1.13156
EUR_USD,1640000186.0,1.13149,1.13157
EUR_USD,1640000187.0,1.13149,1.13157
EUR_USD,1640000188.0,1.13155,1.13163
EUR_USD,1640000189.0,1.13162,1.1317
EUR_USD,1640000190.0,1.1316,1.13168
EUR_USD,1640000191.0,1.13165,1.13173
EUR_USD,1640000192.0,1.1316,1.13168
EUR_USD,1640000193.0,1.13166,1.13174
EUR_USD,1640000194.0,1.13167,1.13175
EUR_USD,1640000195.0,1.13165,1.13173
EUR_USD,1640000196.0,1.13161,1.13169
EUR_USD,1640000197.0,1.13167,1.13175
EUR_USD,1640000198.0,1.13175,1.13183
EUR_USD,1640000199.0,1.1317,1.13178
EUR_USD,1640000200.0,1.13173,1.13181
EUR_USD,1640000201.0,1.13167,1.13175
EUR_USD,1640000202.0,1.1317,1.13178
EUR_USD,1640000203.0,1.13178,1.13186
EUR_USD,1640000204.0,1.13182,1.1319
EUR_USD,1640000205.0,1.13182,1.1319
EUR_USD,1640000206.0,1.1318,1.13188
EUR_USD,1640000207.0,1.1319,1.13198
EUR_USD,1640000208.0,1.13199,1.13207
EUR_USD,1640000209.0,1.13198,1.13206
EUR_USD,1640000210.0,1.13197,1.13205
EUR_USD,1640000211.0,1.13189,1.13197
EUR_USD,1640000212.0,1.13188,1.13196
EUR_USD,1640000213.0,1.13189,1.13197
EUR_USD,1640000214.0,1.13194,1.13202
EUR_USD,1640000215.0,1.13195,1.13203
EUR_USD,1640000216.0,1.13201,1.13209
EUR_USD,1640000217.0,1.13196,1.13204
EUR_USD,1640000218.0,1.13198,1.13206
EUR_USD,1640000219.0,1.13196,1.13204
EUR_USD,1640000220.0,1.13196,1.13204
EUR_USD,1640000221.0,1.13197,1.13205
EUR_USD,1640000222.0,1.13197,1.13205
EUR_USD,1640000223.0,1.13208,1.13216
EUR_USD,1640000224.0,1.13207,1.13215
EUR_USD,1640000225.0,1.13212,1.1322
EUR_USD,1640000226.0,1.13217,1.13225
EUR_USD,1640000227.0,1.13213,1.13221
EUR_USD,1640000228.0,1.13214,1.13222
EUR_USD,1640000229.0,1.13211,1.13219
EUR_USD,1640000230.0,1.13212,1.1322
EUR_USD,1640000231.0,1.13213,1.13221
EUR_USD,1640000232.0,1.13207,1.13215
EUR_USD,1640000233.0,1.1321,1.13218
EUR_USD,1640000234.0,1.13223,1.13231
EUR_USD,1640000235.0,1.13225,1.13233
EUR_USD,1640000236.0,1.13224,1.13232
EUR_USD,1640000237.0,1.13229,1.13237
EUR_USD,1640000238.0,1.13224,1.13232
EUR_USD,1640000239.0,1.13226,1.13234
EUR_USD,1640000240.0,1.1323,1.13238
EUR_USD,1640000241.0,1.13227,1.13235
EUR_USD,1640000242.0,1.13229,1.13237
EUR_USD,1640000243.0,1.13219,1.13227
EUR_USD,1640000244.0,1.13226,1.13234
EUR_USD,1640000245.0,1.13237,1.13245
EUR_USD,1640000246.0,1.13236,1.13244
EUR_USD,1640000247.0,1.13238,1.13246
EUR_USD,1640000248.0,1.1324,1.13248
EUR_USD,1640000249.0,1.13243,1.13251
EUR_USD,1640000250.0,1.13251,1.13259
EUR_USD,1640000251.0,1.13246,1.13254
EUR_USD,1640000252.0,1.13244,1.13252
EUR_USD,1640000253.0,1.13243,1.13251
EUR_USD,1640000254.0,1.13237,1.13245
EUR_USD,1640000255.0,1.13228,1.13236
EUR_USD,1640000256.0,1.13228,1.13236
EUR_USD,1640000257.0,1.13229,1.13237
EUR_USD,1640000258.0,1.13242,1.1325
EUR_USD,1640000259.0,1.1325,1.13258
EUR_USD,1640000260.0,1.13257,1.13265
EUR_USD,1640000261.0,1.13247,1.13255
EUR_USD,1640000262.0,1.13257,1.13265
EUR_USD,1640000263.0,1.13263,1.13271
EUR_USD,1640000264.0,1.13265,1.13273
EUR_USD,1640000265.0,1.13269,1.13277
EUR_USD,1640000266.0,1.13271,1.13279
EUR_USD,1640000267.0,1.13269,1.13277
EUR_USD,1640000268.0,1.1328,1.13288
EUR_USD,1640000269.0,1.13283,1.13291
EUR_USD,1640000270.0,1.13287,1.13295
EUR_USD,1640000271.0,1.13287,1.13295
EUR_USD,1640000272.0,1.1329,1.13298
EUR_USD,1640000273.0,1.13292,1.133
EUR_USD,1640000274.0,1.133,1.13308
EUR_USD,1640000275.0,1.133,1.13308
EUR_USD,1640000276.0,1.13309,1.13317
EUR_USD,1640000277.0,1.13307,1.13315
EUR_USD,1640000278.0,1.13302,1.1331
EUR_USD,1640000279.0,1.13309,1.13317
EUR_USD,1640000280.0,1.13302,1.1331
EUR_USD,1640000281.0,1.13313,1.13321
EUR_USD,1640000282.0,1.13316,1.13324
EUR_USD,1640000283.0,1.13328,1.13336
EUR_USD,1640000284.0,1.13332,1.1334
EUR_USD,1640000285.0,1.13328,1.13336
EUR_USD,1640000286.0,1.13338,1.13346
EUR_USD,1640000287.0,1.13343,1.13351
EUR_USD,1640000288.0,1.13342,1.1335
EUR_USD,1640000289.0,1.13355,1.13363
EUR_USD,1640000290.0,1.13357,1.13365
EUR_USD,1640000291.0,1.13367,1.13375
EUR_USD,1640000292.0,1.13362,1.1337
EUR_USD,1640000293.0,1.13363,1.13371
EUR_USD,1640000294.0,1.13364,1.13372
EUR_USD,1640000295.0,1.13359,1.13367
EUR_USD,1640000296.0,1.13357,1.13365
EUR_USD,1640000297.0,1.13365,1.13373
EUR_USD,1640000298.0,1.13373,1.13381
EUR_USD,1640000299.0,1.13374,1.13382
EUR_USD,1640000300.0,1.13369,1.13377
EUR_USD,1640000301.0,1.13371,1.13379
EUR_USD,1640000302.0,1.13365,1.13373
EUR_USD,1640000303.0,1.13363,1.13371
EUR_USD,1640000304.0,1.13367,1.13375
EUR_USD,1640000305.0,1.1337,1.13378
EUR_USD,1640000306.0,1.13372,1.1338
EUR_USD,1640000307.0,1.13379,1.13387
EUR_USD,1640000308.0,1.13386,1.13394
EUR_USD,1640000309.0,1.13387,1.13395
EUR_USD,1640000310.0,1.13395,1.13403
EUR_USD,1640000311.0,1.13403,1.13411
EUR_USD,1640000312.0,1.13406,1.13414
EUR_USD,1640000313.0,1.13414,1.13422
EUR_USD,1640000314.0,1.13409,1.13417
EUR_USD,1640000315.0,1.13406,1.13414
EUR_USD,1640000316.0,1.134,1.13408
EUR_USD,1640000317.0,1.134,1.13408
EUR_USD,1640000318.0,1.13405,1.13413
EUR_USD,1640000319.0,1.13405,1.13413
EUR_USD,1640000320.0,1.13412,1.1342
EUR_USD,1640000321.0,1.13417,1.13425
EUR_USD,1640000322.0,1.13423,1.13431
EUR_USD,1640000323.0,1.13427,1.13435
EUR_USD,1640000324.0,1.13428,1.13436
EUR_USD,1640000325.0,1.13432,1.1344
EUR_USD,1640000326.0,1.13439,1.13447
EUR_USD,1640000327.0,1.1344,1.13448
EUR_USD,1640000328.0,1.13452,1.1346
EUR_USD,1640000329.0,1.13454,1.13462
EUR_USD,1640000330.0,1.1345,1.13458
EUR_USD,1640000331.0,1.13451,1.13459
EUR_USD,1640000332.0,1.13458,1.13466
EUR_USD,1640000333.0,1.13456,1.13464
EUR_USD,1640000334.0,1.13449,1.13457
EUR_USD,1640000335.0,1.13456,1.13464
EUR_USD,1640000336.0,1.13451,1.13459
EUR_USD,1640000337.0,1.13448,1.13456
EUR_USD,1640000338.0,1.13447,1.13455
EUR_USD,1640000339.0,1.13443,1.13451
EUR_USD,1640000340.0,1.13446,1.13454
EUR_USD,1640000341.0,1.13454,1.13462
EUR_USD,1640000342.0,1.13458,1.13466
EUR_USD,1640000343.0,1.13455,1.13463
EUR_USD,1640000344.0,1.13459,1.13467
EUR_USD,1640000345.0,1.13458,1.13466
EUR_USD,1640000346.0,1.13464,1.13472
EUR_USD,1640000347.0,1.13467,1.13475
EUR_USD,1640000348.0,1.13464,1.13472
EUR_USD,1640000349.0,1.13453,1.13461
EUR_USD,1640000350.0,1.13447,1.13455
EUR_USD,1640000351.0,1.13448,1.13456
EUR_USD,1640000352.0,1.13448,1.13456
EUR_USD,1640000353.0,1.1346,1.13468
EUR_USD,1640000354.0,1.13463,1.13471
EUR_USD,1640000355.0,1.13468,1.13476
EUR_USD,1640000356.0,1.1347,1.13478
EUR_USD,1640000357.0,1.13463,1.13471
EUR_USD,1640000358.0,1.13463,1.13471
EUR_USD,1640000359.0,1.13465,1.13473
EUR_USD,1640000360.0,1.13469,1.13477
EUR_USD,1640000361.0,1.13461,1.13469
EUR_USD,1640000362.0,1.13452,1.1346
EUR_USD,1640000363.0,1.13457,1.13465
EUR_USD,1640000364.0,1.13458,1.13466
EUR_USD,1640000365.0,1.13465,1.13473
EUR_USD,1640000366.0,1.13467,1.13475
EUR_USD,1640000367.0,1.13461,1.13469
EUR_USD,1640000368.0,1.13472,1.1348
EUR_USD,1640000369.0,1.13479,1.13487
EUR_USD,1640000370.0,1.13477,1.13485
EUR_USD,1640000371.0,1.13473,1.13481
EUR_USD,1640000372.0,1.13468,1.13476
EUR_USD,1640000373.0,1.13477,1.13485
EUR_USD,1640000374.0,1.13479,1.13487
EUR_USD,1640000375.0,1.13481,1.13489
EUR_USD,1640000376.0,1.13479,1.13487
EUR_USD,1640000377.0,1.1348,1.13488
EUR_USD,1640000378.0,1.13476,1.13484
EUR_USD,1640000379.0,1.13473,1.13481
EUR_USD,1640000380.0,1.13476,1.13484
EUR_USD,1640000381.0,1.13481,1.13489
EUR_USD,1640000382.0,1.13482,1.1349
EUR_USD,1640000383.0,1.13482,1.1349
EUR_USD,1640000384.0,1.13483,1.13491
EUR_USD,1640000385.0,1.13489,1.13497
EUR_USD,1640000386.0,1.13496,1.13504
EUR_USD,1640000387.0,1.13493,1.13501
EUR_USD,1640000388.0,1.13492,1.135
EUR_USD,1640000389.0,1.13492,1.135
EUR_USD,1640000390.0,1.13479,1.13487
EUR_USD,1640000391.0,1.13484,1.13492
EUR_USD,1640000392.0,1.13486,1.13494
EUR_USD,1640000393.0,1.13487,1.13495
EUR_USD,1640000394.0,1.13493,1.13501
EUR_USD,1640000395.0,1.13501,1.13509
EUR_USD,1640000396.0,1.13511,1.13519
EUR_USD,1640000397.0,1.13507,1.13515
EUR_USD,1640000398.0,1.13508,1.13516
EUR_USD,1640000399.0,1.1351,1.13518
EUR_USD,1640000400.0,1.13516,1.13524
EUR_USD,1640000401.0,1.13527,1.13535
EUR_USD,1640000402.0,1.13527,1.13535
EUR_USD,1640000403.0,1.13534,1.13542
EUR_USD,1640000404.0,1.13536,1.13544
EUR_USD,1640000405.0,1.13537,1.13545
EUR_USD,1640000406.0,1.13536,1.13544
EUR_USD,1640000407.0,1.13531,1.13539
EUR_USD,1640000408.0,1.13535,1.13543
EUR_USD,1640000409.0,1.13535,1.13543
EUR_USD,1640000410.0,1.13537,1.13545
EUR_USD,1640000411.0,1.13539,1.13547
EUR_USD,1640000412.0,1.13549,1.13557
EUR_USD,1640000413.0,1.13547,1.13555
EUR_USD,1640000414.0,1.13546,1.13554
EUR_USD,1640000415.0,1.13549,1.13557
EUR_USD,1640000416.0,1.13546,1.13554
EUR_USD,1640000417.0,1.13555,1.13563
EUR_USD,1640000418.0,1.13556,1.13564
EUR_USD,1640000419.0,1.1355,1.13558
EUR_USD,1640000420.0,1.1356,1.13568
EUR_USD,1640000421.0,1.13564,1.13572
EUR_USD,1640000422.0,1.13563,1.13571
EUR_USD,1640000423.0,1.13562,1.1357
EUR_USD,1640000424.0,1.13554,1.13562
EUR_USD,1640000425.0,1.13552,1.1356
EUR_USD,1640000426.0,1.13553,1.13561
EUR_USD,1640000427.0,1.13553,1.13561
EUR_USD,1640000428.0,1.13549,1.13557
EUR_USD,1640000429.0,1.13545,1.13553
EUR_USD,1640000430.0,1.13548,1.13556
EUR_USD,1640000431.0,1.13546,1.13554
EUR_USD,1640000432.0,1.13547,1.13555
EUR_USD,1640000433.0,1.13547,1.13555
EUR_USD,1640000434.0,1.13558,1.13566
EUR_USD,1640000435.0,1.13567,1.13575
EUR_USD,1640000436.0,1.13571,1.13579
EUR_USD,1640000437.0,1.13574,1.13582
EUR_USD,1640000438.0,1.1358,1.13588
EUR_USD,1640000439.0,1.1359,1.13598
EUR_USD,1640000440.0,1.13583,1.13591
EUR_USD,1640000441.0,1.13588,1.13596
EUR_USD,1640000442.0,1.13584,1.13592
EUR_USD,1640000443.0,1.13584,1.13592
EUR_USD,1640000444.0,1.13583,1.13591
EUR_USD,1640000445.0,1.13579,1.13587
EUR_USD,1640000446.0,1.13579,1.13587
EUR_USD,1640000447.0,1.13584,1.13592
EUR_USD,1640000448.0,1.13592,1.136
EUR_USD,1640000449.0,1.13593,1.13601
EUR_USD,1640000450.0,1.13594,1.13602
EUR_USD,1640000451.0,1.13591,1.13599
EUR_USD,1640000452.0,1.1359,1.13598
EUR_USD,1640000453.0,1.13595,1.13603
EUR_USD,1640000454.0,1.13595,1.13603
EUR_USD,1640000455.0,1.13594,1.13602
EUR_USD,1640000456.0,1.13599,1.13607
EUR_USD,1640000457.0,1.13607,1.13615
EUR_USD,1640000458.0,1.13608,1.13616
EUR_USD,1640000459.0,1.13602,1.1361
EUR_USD,1640000460.0,1.136,1.13608
EUR_USD,1640000461.0,1.13597,1.13605
EUR_USD,1640000462.0,1.13588,1.13596
EUR_USD,1640000463.0,1.13594,1.13602
EUR_USD,1640000464.0,1.13587,1.13595
EUR_USD,1640000465.0,1.13587,1.13595
EUR_USD,1640000466.0,1.13599,1.13607
EUR_USD,1640000467.0,1.13604,1.13612
EUR_USD,1640000468.0,1.13608,1.13616
EUR_USD,1640000469.0,1.13602,1.1361
EUR_USD,1640000470.0,1.13606,1.13614
EUR_USD,1640000471.0,1.13612,1.1362
EUR_USD,1640000472.0,1.13624,1.13632
EUR_USD,1640000473.0,1.13618,1.13626
EUR_USD,1640000474.0,1.13616,1.13624
EUR_USD,1640000475.0,1.13617,1.13625
EUR_USD,1640000476.0,1.13624,1.13632
EUR_USD,1640000477.0,1.13625,1.13633
EUR_USD,1640000478.0,1.13641,1.13649
EUR_USD,1640000479.0,1.13641,1.13649
EUR_USD,1640000480.0,1.13637,1.13645
EUR_USD,1640000481.0,1.13643,1.13651
EUR_USD,1640000482.0,1.13644,1.13652
EUR_USD,1640000483.0,1.13657,1.13665
EUR_USD,1640000484.0,1.13654,1.13662
EUR_USD,1640000485.0,1.13654,1.13662
EUR_USD,1640000486.0,1.13662,1.1367
EUR_USD,1640000487.0,1.13659,1.13667
EUR_USD,1640000488.0,1.13657,1.13665
EUR_USD,1640000489.0,1.13652,1.1366
EUR_USD,1640000490.0,1.13648,1.13656
EUR_USD,1640000491.0,1.13647,1.13655
EUR_USD,1640000492.0,1.13643,1.13651
EUR_USD,1640000493.0,1.13637,1.13645
EUR_USD,1640000494.0,1.13641,1.13649
EUR_USD,1640000495.0,1.13644,1.13652
EUR_USD,1640000496.0,1.13645,1.13653
EUR_USD,1640000497.0,1.13645,1.13653
EUR_USD,1640000498.0,1.13656,1.13664
EUR_USD,1640000499.0,1.13667,1.13675
EUR_USD,1640000500.0,1.13664,1.13672
EUR_USD,1640000501.0,1.1367,1.13678
EUR_USD,1640000502.0,1.13677,1.13685
EUR_USD,1640000503.0,1.13678,1.13686
EUR_USD,1640000504.0,1.13672,1.1368
EUR_USD,1640000505.0,1.13676,1.13684
EUR_USD,1640000506.0,1.13665,1.13673
EUR_USD,1640000507.0,1.13654,1.13662
EUR_USD,1640000508.0,1.1364,1.13648
EUR_USD,1640000509.0,1.13652,1.1366
EUR_USD,1640000510.0,1.13655,1.13663
EUR_USD,1640000511.0,1.13656,1.13664
EUR_USD,1640000512.0,1.13658,1.13666
EUR_USD,1640000513.0,1.13662,1.1367
EUR_USD,1640000514.0,1.13664,1.13672
EUR_USD,1640000515.0,1.13658,1.13666
EUR_USD,1640000516.0,1.13666,1.13674
EUR_USD,1640000517.0,1.13661,1.13669
EUR_USD,1640000518.0,1.13664,1.13672
EUR_USD,1640000519.0,1.1366,1.13668
EUR_USD,1640000520.0,1.13662,1.1367
EUR_USD,1640000521.0,1.13664,1.13672
EUR_USD,1640000522.0,1.13668,1.13676
EUR_USD,1640000523.0,1.1367,1.13678
EUR_USD,1640000524.0,1.13666,1.13674
EUR_USD,1640000525.0,1.1367,1.13678
EUR_USD,1640000526.0,1.13678,1.13686
EUR_USD,1640000527.0,1.13672,1.1368
EUR_USD,1640000528.0,1.13668,1.13676
EUR_USD,1640000529.0,1.1367,1.13678
EUR_USD,1640000530.0,1.13671,1.13679
EUR_USD,1640000531.0,1.13675,1.13683
EUR_USD,1640000532.0,1.13681,1.13689
EUR_USD,1640000533.0,1.13685,1.13693
EUR_USD,1640000534.0,1.1369,1.13698
EUR_USD,1640000535.0,1.13689,1.13697
EUR_USD,1640000536.0,1.13685,1.13693
EUR_USD,1640000537.0,1.13692,1.137
EUR_USD,1640000538.0,1.13693,1.13701
EUR_USD,1640000539.0,1.1368,1.13688
EUR_USD,1640000540.0,1.13685,1.13693
EUR_USD,1640000541.0,1.13697,1.13705
EUR_USD,1640000542.0,1.13701,1.13709
EUR_USD,1640000543.0,1.13709,1.13717
EUR_USD,1640000544.0,1.13706,1.13714
EUR_USD,1640000545.0,1.13698,1.13706
EUR_USD,1640000546.0,1.1369,1.13698
EUR_USD,1640000547.0,1.13693,1.13701
EUR_USD,1640000548.0,1.13693,1.13701
EUR_USD,1640000549.0,1.13694,1.13702
EUR_USD,1640000550.0,1.13699,1.13707
EUR_USD,1640000551.0,1.13686,1.13694
EUR_USD,1640000552.0,1.13686,1.13694
EUR_USD,1640000553.0,1.13697,1.13705
EUR_USD,1640000554.0,1.13699,1.13707
EUR_USD,1640000555.0,1.13718,1.13726
EUR_USD,1640000556.0,1.13716,1.13724
EUR_USD,1640000557.0,1.13716,1.13724
EUR_USD,1640000558.0,1.13719,1.13727
EUR_USD,1640000559.0,1.13726,1.13734
EUR_USD,1640000560.0,1.13734,1.13742
EUR_USD,1640000561.0,1.13735,1.13743
EUR_USD,1640000562.0,1.13739,1.13747
EUR_USD,1640000563.0,1.13736,1.13744
EUR_USD,1640000564.0,1.13737,1.13745
EUR_USD,1640000565.0,1.1375,1.13758
EUR_USD,1640000566.0,1.13754,1.13762
EUR_USD,1640000567.0,1.1375,1.13758
EUR_USD,1640000568.0,1.1375,1.13758
EUR_USD,1640000569.0,1.13749,1.13757
EUR_USD,1640000570.0,1.13751,1.13759
EUR_USD,1640000571.0,1.13753,1.13761
EUR_USD,1640000572.0,1.13748,1.13756
EUR_USD,1640000573.0,1.13755,1.13763
EUR_USD,1640000574.0,1.1375,1.13758
EUR_USD,1640000575.0,1.1376,1.13768
EUR_USD,1640000576.0,1.13765,1.13773
EUR_USD,1640000577.0,1.13766,1.13774
EUR_USD,1640000578.0,1.13769,1.13777
EUR_USD,1640000579.0,1.13772,1.1378
EUR_USD,1640000580.0,1.13767,1.13775
EUR_USD,1640000581.0,1.13761,1.13769
EUR_USD,1640000582.0,1.13767,1.13775
EUR_USD,1640000583.0,1.13776,1.13784
EUR_USD,1640000584.0,1.13773,1.13781
EUR_USD,1640000585.0,1.13768,1.13776
EUR_USD,1640000586.0,1.13762,1.1377
EUR_USD,1640000587.0,1.13763,1.13771
EUR_USD,1640000588.0,1.13768,1.13776
EUR_USD,1640000589.0,1.13765,1.13773
EUR_USD,1640000590.0,1.13766,1.13774
EUR_USD,1640000591.0,1.13756,1.13764
EUR_USD,1640000592.0,1.13759,1.13767
EUR_USD,1640000593.0,1.13756,1.13764
EUR_USD,1640000594.0,1.13758,1.13766
EUR_USD,1640000595.0,1.13748,1.13756
EUR_USD,1640000596.0,1.13743,1.13751
EUR_USD,1640000597.0,1.13741,1.13749
EUR_USD,1640000598.0,1.13745,1.13753
EUR_USD,1640000599.0,1.13742,1.1375
EUR_USD,1640000600.0,1.13722,1.1373
EUR_USD,1640000601.0,1.1372603333333333,1.1373401666666667
EUR_USD,1640000602.0,1.1376906666666668,1.137770333333333
EUR_USD,1640000603.0,1.1376709999999999,1.1377505
EUR_USD,1640000604.0,1.1376813333333333,1.1377606666666669
EUR_USD,1640000605.0,1.1380016666666666,1.1380808333333334
EUR_USD,1640000606.0,1.138152,1.1382310000000002
EUR_USD,1640000607.0,1.1384823333333334,1.1385611666666668
EUR_USD,1640000608.0,1.1383726666666667,1.1384513333333333
EUR_USD,1640000609.0,1.1383330000000003,1.1384115
EUR_USD,1640000610.0,1.1384333333333334,1.1385116666666666
EUR_USD,1640000611.0,1.1384936666666667,1.1385718333333334
EUR_USD,1640000612.0,1.1384439999999998,1.138522
EUR_USD,1640000613.0,1.1384043333333334,1.1384821666666665
EUR_USD,1640000614.0,1.1385446666666668,1.1386223333333332
EUR_USD,1640000615.0,1.138855,1.1389325000000001
EUR_USD,1640000616.0,1.1390853333333335,1.1391626666666665
EUR_USD,1640000617.0,1.1392756666666666,1.1393528333333334
EUR_USD,1640000618.0,1.1394959999999998,1.139573
EUR_USD,1640000619.0,1.1393063333333333,1.1393831666666667
EUR_USD,1640000620.0,1.1397366666666666,1.1398133333333333
EUR_USD,1640000621.0,1.139887,1.1399635000000001
EUR_USD,1640000622.0,1.1399373333333331,1.1400136666666665
EUR_USD,1640000623.0,1.1399076666666665,1.1399838333333334
EUR_USD,1640000624.0,1.140018,1.140094
EUR_USD,1640000625.0,1.1402683333333337,1.1403441666666665
EUR_USD,1640000626.0,1.140878666666667,1.1409543333333332
EUR_USD,1640000627.0,1.141139,1.1412145
EUR_USD,1640000628.0,1.1412093333333333,1.1412846666666667
EUR_USD,1640000629.0,1.1416096666666666,1.1416848333333334
EUR_USD,1640000630.0,1.14174,1.141815
EUR_USD,1640000631.0,1.1418803333333332,1.1419551666666665
EUR_USD,1640000632.0,1.1421406666666667,1.1422153333333331
EUR_USD,1640000633.0,1.1420310000000002,1.1421055
EUR_USD,1640000634.0,1.1419713333333332,1.1420456666666667
EUR_USD,1640000635.0,1.142171666666667,1.1422458333333334
EUR_USD,1640000636.0,1.142332,1.142406
EUR_USD,1640000637.0,1.1423823333333334,1.1424561666666664
EUR_USD,1640000638.0,1.1424026666666667,1.1424763333333334
EUR_USD,1640000639.0,1.141943,1.1420165
EUR_USD,1640000640.0,1.1419333333333337,1.1420066666666666
EUR_USD,1640000641.0,1.1418736666666667,1.1419468333333331
EUR_USD,1640000642.0,1.1422539999999999,1.1423269999999999
EUR_USD,1640000643.0,1.1421943333333333,1.1422671666666666
EUR_USD,1640000644.0,1.1420846666666666,1.1421573333333335
EUR_USD,1640000645.0,1.1418750000000002,1.1419475
EUR_USD,1640000646.0,1.1415353333333331,1.1416076666666666
EUR_USD,1640000647.0,1.1414056666666665,1.1414778333333333
EUR_USD,1640000648.0,1.141406,1.141478
EUR_USD,1640000649.0,1.1415663333333335,1.1416381666666666
EUR_USD,1640000650.0,1.1414366666666669,1.1415083333333333
EUR_USD,1640000651.0,1.141627,1.1416985
EUR_USD,1640000652.0,1.1413473333333333,1.1414186666666666
EUR_USD,1640000653.0,1.1416576666666667,1.1417288333333335
EUR_USD,1640000654.0,1.141898,1.141969
EUR_USD,1640000655.0,1.1413683333333333,1.1414391666666663
EUR_USD,1640000656.0,1.1412186666666666,1.1412893333333334
EUR_USD,1640000657.0,1.1415389999999999,1.1416095
EUR_USD,1640000658.0,1.1411993333333332,1.1412696666666666
EUR_USD,1640000659.0,1.1411396666666667,1.1412098333333334
EUR_USD,1640000660.0,1.1412499999999999,1.14132
EUR_USD,1640000661.0,1.1412403333333332,1.1413101666666665
EUR_USD,1640000662.0,1.1416606666666667,1.1417303333333333
EUR_USD,1640000663.0,1.141871,1.1419405
EUR_USD,1640000664.0,1.1419413333333335,1.1420106666666667
EUR_USD,1640000665.0,1.1423316666666665,1.1424008333333333
EUR_USD,1640000666.0,1.142582,1.142651
EUR_USD,1640000667.0,1.1429723333333333,1.1430411666666667
EUR_USD,1640000668.0,1.1428026666666666,1.1428713333333334
EUR_USD,1640000669.0,1.143073,1.1431415
EUR_USD,1640000670.0,1.1430533333333333,1.1431216666666666
EUR_USD,1640000671.0,1.1430836666666666,1.1431518333333335
EUR_USD,1640000672.0,1.143014,1.1430820000000002
EUR_USD,1640000673.0,1.1434843333333333,1.1435521666666668
EUR_USD,1640000674.0,1.1435546666666665,1.1436223333333333
EUR_USD,1640000675.0,1.143705,1.1437725
EUR_USD,1640000676.0,1.1436553333333332,1.1437226666666667
EUR_USD,1640000677.0,1.1438756666666667,1.1439428333333335
EUR_USD,1640000678.0,1.144056,1.144123
EUR_USD,1640000679.0,1.1440063333333332,1.1440731666666668
EUR_USD,1640000680.0,1.1445666666666665,1.1446333333333332
EUR_USD,1640000681.0,1.144677,1.1447435000000001
EUR_USD,1640000682.0,1.1448673333333335,1.1449336666666665
EUR_USD,1640000683.0,1.144627666666667,1.1446938333333332
EUR_USD,1640000684.0,1.1443979999999998,1.144464
EUR_USD,1640000685.0,1.1445683333333332,1.1446341666666666
EUR_USD,1640000686.0,1.1446686666666666,1.1447343333333333
EUR_USD,1640000687.0,1.144879,1.1449445
EUR_USD,1640000688.0,1.1448893333333334,1.1449546666666668
EUR_USD,1640000689.0,1.1451696666666669,1.1452348333333333
EUR_USD,1640000690.0,1.14539,1.1454550000000001
EUR_USD,1640000691.0,1.1456803333333334,1.1457451666666667
EUR_USD,1640000692.0,1.1459706666666667,1.1460353333333333
EUR_USD,1640000693.0,1.1457909999999998,1.1458555
EUR_USD,1640000694.0,1.1460113333333333,1.1460756666666667
EUR_USD,1640000695.0,1.1461816666666667,1.1462458333333334
EUR_USD,1640000696.0,1.1462220000000003,1.146286
EUR_USD,1640000697.0,1.1461423333333334,1.1462061666666667
EUR_USD,1640000698.0,1.1460926666666666,1.146156333333333
EUR_USD,1640000699.0,1.146153,1.1462165
EUR_USD,1640000700.0,1.1461633333333334,1.1462266666666665
EUR_USD,1640000701.0,1.1460936666666668,1.1461568333333332
EUR_USD,1640000702.0,1.146264,1.1463269999999999
EUR_USD,1640000703.0,1.1465943333333333,1.1466571666666667
EUR_USD,1640000704.0,1.1467846666666666,1.1468473333333333
EUR_USD,1640000705.0,1.147215,1.1472775
EUR_USD,1640000706.0,1.1472653333333334,1.1473276666666667
EUR_USD,1640000707.0,1.147585666666667,1.1476478333333333
EUR_USD,1640000708.0,1.147986,1.1480480000000002
EUR_USD,1640000709.0,1.1478563333333334,1.1479181666666667
EUR_USD,1640000710.0,1.1479966666666668,1.1480583333333332
EUR_USD,1640000711.0,1.1478870000000003,1.1479485
EUR_USD,1640000712.0,1.1479573333333333,1.1480186666666667
EUR_USD,1640000713.0,1.1478776666666666,1.1479388333333334
EUR_USD,1640000714.0,1.148038,1.148099
EUR_USD,1640000715.0,1.1482783333333333,1.1483391666666667
EUR_USD,1640000716.0,1.148738666666667,1.1487993333333333
EUR_USD,1640000717.0,1.1486189999999998,1.1486795
EUR_USD,1640000718.0,1.1488393333333335,1.1488996666666664
EUR_USD,1640000719.0,1.1486096666666668,1.1486698333333332
EUR_USD,1640000720.0,1.1483000000000003,1.1483599999999998
EUR_USD,1640000721.0,1.1484303333333334,1.148490166666667
EUR_USD,1640000722.0,1.1482906666666666,1.1483503333333334
EUR_USD,1640000723.0,1.1484010000000002,1.1484604999999999
EUR_USD,1640000724.0,1.1485213333333333,1.1485806666666667
EUR_USD,1640000725.0,1.1488516666666668,1.1489108333333333
EUR_USD,1640000726.0,1.148902,1.1489610000000001
EUR_USD,1640000727.0,1.1490323333333332,1.1490911666666666
EUR_USD,1640000728.0,1.1494626666666665,1.1495213333333334
EUR_USD,1640000729.0,1.149503,1.1495615
EUR_USD,1640000730.0,1.1494733333333333,1.1495316666666668
EUR_USD,1640000731.0,1.1495136666666668,1.1495718333333333
EUR_USD,1640000732.0,1.1498940000000002,1.1499519999999999
EUR_USD,1640000733.0,1.1499643333333336,1.1500221666666666
EUR_USD,1640000734.0,1.1502846666666666,1.1503423333333334
EUR_USD,1640000735.0,1.150655,1.1507125
EUR_USD,1640000736.0,1.1508453333333333,1.1509026666666666
EUR_USD,1640000737.0,1.1507756666666666,1.1508328333333333
EUR_USD,1640000738.0,1.150666,1.1507230000000002
EUR_USD,1640000739.0,1.1505063333333334,1.1505631666666667
EUR_USD,1640000740.0,1.1507266666666667,1.1507833333333335
EUR_USD,1640000741.0,1.151247,1.1513035
EUR_USD,1640000742.0,1.1515873333333333,1.1516436666666667
EUR_USD,1640000743.0,1.1518976666666667,1.1519538333333332
EUR_USD,1640000744.0,1.151998,1.1520540000000001
EUR_USD,1640000745.0,1.1519783333333333,1.1520341666666667
EUR_USD,1640000746.0,1.1525286666666665,1.1525843333333334
EUR_USD,1640000747.0,1.152679,1.1527345
EUR_USD,1640000748.0,1.1529493333333334,1.1530046666666667
EUR_USD,1640000749.0,1.1528396666666667,1.1528948333333333
EUR_USD,1640000750.0,1.1532900000000001,1.153345
EUR_USD,1640000751.0,1.1535003333333331,1.1535551666666666
EUR_USD,1640000752.0,1.1537606666666667,1.1538153333333334
EUR_USD,1640000753.0,1.153931,1.1539855
EUR_USD,1640000754.0,1.1543213333333333,1.1543756666666667
EUR_USD,1640000755.0,1.1542716666666666,1.1543258333333335
EUR_USD,1640000756.0,1.1543519999999998,1.1544059999999998
EUR_USD,1640000757.0,1.1541123333333334,1.1541661666666665
EUR_USD,1640000758.0,1.1541226666666666,1.1541763333333335
EUR_USD,1640000759.0,1.1541830000000002,1.1542364999999999
EUR_USD,1640000760.0,1.1541433333333333,1.1541966666666665
EUR_USD,1640000761.0,1.1544436666666666,1.1544968333333334
EUR_USD,1640000762.0,1.154304,1.154357
EUR_USD,1640000763.0,1.1545043333333334,1.1545571666666667
EUR_USD,1640000764.0,1.154654666666667,1.1547073333333333
EUR_USD,1640000765.0,1.154575,1.1546275000000001
EUR_USD,1640000766.0,1.1546853333333336,1.1547376666666667
EUR_USD,1640000767.0,1.1544056666666667,1.1544578333333333
EUR_USD,1640000768.0,1.154296,1.1543480000000002
EUR_USD,1640000769.0,1.1546063333333334,1.1546581666666667
EUR_USD,1640000770.0,1.1548066666666665,1.1548583333333333
EUR_USD,1640000771.0,1.154487,1.1545385000000001
EUR_USD,1640000772.0,1.1543973333333333,1.1544486666666667
EUR_USD,1640000773.0,1.1546076666666667,1.1546588333333334
EUR_USD,1640000774.0,1.1548079999999998,1.154859
EUR_USD,1640000775.0,1.1545083333333332,1.1545591666666666
EUR_USD,1640000776.0,1.1546786666666666,1.1547293333333335
EUR_USD,1640000777.0,1.155109,1.1551595
EUR_USD,1640000778.0,1.1555193333333333,1.1555696666666666
EUR_USD,1640000779.0,1.1556496666666665,1.1556998333333333
EUR_USD,1640000780.0,1.1556899999999999,1.15574
EUR_USD,1640000781.0,1.1560803333333336,1.1561301666666666
EUR_USD,1640000782.0,1.1564406666666667,1.1564903333333334
EUR_USD,1640000783.0,1.156541,1.1565905
EUR_USD,1640000784.0,1.1565413333333332,1.1565906666666668
EUR_USD,1640000785.0,1.1565516666666666,1.1566008333333335
EUR_USD,1640000786.0,1.156482,1.1565310000000002
EUR_USD,1640000787.0,1.1566423333333333,1.1566911666666666
EUR_USD,1640000788.0,1.156862666666667,1.1569113333333334
EUR_USD,1640000789.0,1.1569129999999999,1.1569615
EUR_USD,1640000790.0,1.1571733333333332,1.1572216666666666
EUR_USD,1640000791.0,1.1571236666666667,1.1571718333333334
EUR_USD,1640000792.0,1.157354,1.157402
EUR_USD,1640000793.0,1.1572543333333334,1.1573021666666667
EUR_USD,1640000794.0,1.1572046666666669,1.157252333333333
EUR_USD,1640000795.0,1.1570449999999999,1.1570925
EUR_USD,1640000796.0,1.1571953333333334,1.1572426666666669
EUR_USD,1640000797.0,1.1569056666666668,1.1569528333333332
EUR_USD,1640000798.0,1.157266,1.157313
EUR_USD,1640000799.0,1.1572763333333334,1.1573231666666666
EUR_USD,1640000800.0,1.156966666666667,1.1570133333333332
EUR_USD,1640000801.0,1.157027,1.1570735
EUR_USD,1640000802.0,1.1567473333333333,1.1567936666666667
EUR_USD,1640000803.0,1.1571076666666666,1.1571538333333333
EUR_USD,1640000804.0,1.1575579999999999,1.157604
EUR_USD,1640000805.0,1.1575183333333334,1.1575641666666665
EUR_USD,1640000806.0,1.1573586666666666,1.1574043333333335
EUR_USD,1640000807.0,1.157299,1.1573445000000002
EUR_USD,1640000808.0,1.1576093333333333,1.1576546666666667
EUR_USD,1640000809.0,1.1575496666666667,1.1575948333333335
EUR_USD,1640000810.0,1.15748,1.1575250000000001
EUR_USD,1640000811.0,1.1577503333333334,1.1577951666666668
EUR_USD,1640000812.0,1.1576006666666667,1.1576453333333334
EUR_USD,1640000813.0,1.1577609999999998,1.1578054999999998
EUR_USD,1640000814.0,1.1579413333333333,1.1579856666666668
EUR_USD,1640000815.0,1.1576316666666666,1.1576758333333332
EUR_USD,1640000816.0,1.1577220000000001,1.157766
EUR_USD,1640000817.0,1.1580223333333333,1.1580661666666665
EUR_USD,1640000818.0,1.1580926666666667,1.1581363333333332
EUR_USD,1640000819.0,1.158383,1.1584265
EUR_USD,1640000820.0,1.1582433333333333,1.1582866666666667
EUR_USD,1640000821.0,1.1583936666666668,1.1584368333333335
EUR_USD,1640000822.0,1.158254,1.1582970000000001
EUR_USD,1640000823.0,1.1583443333333332,1.1583871666666665
EUR_USD,1640000824.0,1.158634666666667,1.1586773333333333
EUR_USD,1640000825.0,1.158755,1.1587975
EUR_USD,1640000826.0,1.1590653333333334,1.1591076666666669
EUR_USD,1640000827.0,1.1587656666666666,1.1588078333333334
EUR_USD,1640000828.0,1.1587159999999999,1.158758
EUR_USD,1640000829.0,1.1586963333333333,1.1587381666666667
EUR_USD,1640000830.0,1.1588366666666667,1.1588783333333335
EUR_USD,1640000831.0,1.158857,1.1588985
EUR_USD,1640000832.0,1.1589773333333335,1.1590186666666664
EUR_USD,1640000833.0,1.1588476666666665,1.1588888333333331
EUR_USD,1640000834.0,1.158488,1.1585290000000001
EUR_USD,1640000835.0,1.1581983333333334,1.1582391666666667
EUR_USD,1640000836.0,1.1586686666666666,1.1587093333333334
EUR_USD,1640000837.0,1.1590889999999998,1.1591295
EUR_USD,1640000838.0,1.1590893333333332,1.1591296666666666
EUR_USD,1640000839.0,1.1597196666666667,1.1597598333333334
EUR_USD,1640000840.0,1.15999,1.1600300000000001
EUR_USD,1640000841.0,1.1596903333333333,1.1597301666666668
EUR_USD,1640000842.0,1.1600406666666667,1.1600803333333332
EUR_USD,1640000843.0,1.160231,1.1602705000000002
EUR_USD,1640000844.0,1.1604813333333333,1.1605206666666668
EUR_USD,1640000845.0,1.1606616666666667,1.1607008333333333
EUR_USD,1640000846.0,1.1608619999999998,1.160901
EUR_USD,1640000847.0,1.1610423333333333,1.1610811666666667
EUR_USD,1640000848.0,1.1610026666666666,1.1610413333333334
EUR_USD,1640000849.0,1.161313,1.1613515
EUR_USD,1640000850.0,1.1613933333333337,1.1614316666666666
EUR_USD,1640000851.0,1.1614336666666665,1.1614718333333331
EUR_USD,1640000852.0,1.1614039999999999,1.161442
EUR_USD,1640000853.0,1.1618043333333334,1.1618421666666665
EUR_USD,1640000854.0,1.1618246666666667,1.1618623333333336
EUR_USD,1640000855.0,1.1619249999999999,1.1619625
EUR_USD,1640000856.0,1.1621153333333332,1.1621526666666666
EUR_USD,1640000857.0,1.1623856666666668,1.1624228333333333
EUR_USD,1640000858.0,1.162626,1.162663
EUR_USD,1640000859.0,1.1625463333333337,1.1625831666666666
EUR_USD,1640000860.0,1.1626066666666666,1.1626433333333335
EUR_USD,1640000861.0,1.162777,1.1628135
EUR_USD,1640000862.0,1.1628273333333334,1.1628636666666665
EUR_USD,1640000863.0,1.1628476666666667,1.1628838333333333
EUR_USD,1640000864.0,1.162928,1.162964
EUR_USD,1640000865.0,1.1633683333333331,1.1634041666666666
EUR_USD,1640000866.0,1.1634186666666666,1.1634543333333334
EUR_USD,1640000867.0,1.1632290000000003,1.1632645
EUR_USD,1640000868.0,1.1633293333333334,1.1633646666666668
EUR_USD,1640000869.0,1.1631996666666669,1.163234833333333
EUR_USD,1640000870.0,1.1632399999999998,1.163275
EUR_USD,1640000871.0,1.1633603333333333,1.1633951666666666
EUR_USD,1640000872.0,1.1631806666666666,1.1632153333333335
EUR_USD,1640000873.0,1.1634010000000004,1.1634354999999998
EUR_USD,1640000874.0,1.1634513333333334,1.1634856666666669
EUR_USD,1640000875.0,1.1637916666666666,1.1638258333333333
EUR_USD,1640000876.0,1.163792,1.163826
EUR_USD,1640000877.0,1.1636723333333334,1.1637061666666666
EUR_USD,1640000878.0,1.1635626666666667,1.1635963333333335
EUR_USD,1640000879.0,1.1638129999999998,1.1638465
EUR_USD,1640000880.0,1.1636733333333336,1.1637066666666667
EUR_USD,1640000881.0,1.1641836666666667,1.1642168333333334
EUR_USD,1640000882.0,1.164334,1.164367
EUR_USD,1640000883.0,1.1643943333333333,1.1644271666666666
EUR_USD,1640000884.0,1.1644346666666665,1.1644673333333333
EUR_USD,1640000885.0,1.164675,1.1647075
EUR_USD,1640000886.0,1.1648553333333334,1.1648876666666668
EUR_USD,1640000887.0,1.1646756666666667,1.1647078333333334
EUR_USD,1640000888.0,1.1644860000000001,1.1645180000000002
EUR_USD,1640000889.0,1.1646763333333332,1.1647081666666668
EUR_USD,1640000890.0,1.1648066666666665,1.1648383333333334
EUR_USD,1640000891.0,1.165157,1.1651885000000002
EUR_USD,1640000892.0,1.1652373333333337,1.1652686666666665
EUR_USD,1640000893.0,1.1655476666666669,1.1655788333333332
EUR_USD,1640000894.0,1.1658179999999998,1.165849
EUR_USD,1640000895.0,1.1663283333333334,1.1663591666666666
EUR_USD,1640000896.0,1.1664986666666666,1.1665293333333333
EUR_USD,1640000897.0,1.1662190000000003,1.1662495
EUR_USD,1640000898.0,1.1662093333333332,1.1662396666666668
EUR_USD,1640000899.0,1.1663996666666665,1.1664298333333334
EUR_USD,1640000900.0,1.16636,1.1663899999999998
EUR_USD,1640000901.0,1.1661403333333333,1.1661701666666668
EUR_USD,1640000902.0,1.1662906666666668,1.1663203333333334
EUR_USD,1640000903.0,1.1665709999999998,1.1666005
EUR_USD,1640000904.0,1.1665913333333333,1.1666206666666668
EUR_USD,1640000905.0,1.1668716666666668,1.166900833333333
EUR_USD,1640000906.0,1.166962,1.1669910000000001
EUR_USD,1640000907.0,1.1671123333333333,1.1671411666666667
EUR_USD,1640000908.0,1.1673526666666665,1.1673813333333332
EUR_USD,1640000909.0,1.1673529999999999,1.1673814999999998
EUR_USD,1640000910.0,1.1675633333333333,1.1675916666666666
EUR_USD,1640000911.0,1.1675536666666666,1.1675818333333332
EUR_USD,1640000912.0,1.167564,1.167592
EUR_USD,1640000913.0,1.1677043333333332,1.1677321666666667
EUR_USD,1640000914.0,1.1673246666666666,1.1673523333333333
EUR_USD,1640000915.0,1.167575,1.1676025
EUR_USD,1640000916.0,1.1676753333333334,1.1677026666666668
EUR_USD,1640000917.0,1.1678256666666664,1.1678528333333333
EUR_USD,1640000918.0,1.167856,1.167883
EUR_USD,1640000919.0,1.1678063333333333,1.1678331666666666
EUR_USD,1640000920.0,1.1678266666666666,1.1678533333333334
EUR_USD,1640000921.0,1.1680270000000004,1.1680535
EUR_USD,1640000922.0,1.1679373333333332,1.1679636666666666
EUR_USD,1640000923.0,1.1679276666666665,1.1679538333333332
EUR_USD,1640000924.0,1.1681979999999998,1.168224
EUR_USD,1640000925.0,1.1680683333333333,1.1680941666666667
EUR_USD,1640000926.0,1.168398666666667,1.1684243333333333
EUR_USD,1640000927.0,1.168219,1.1682445000000001
EUR_USD,1640000928.0,1.1682893333333333,1.1683146666666668
EUR_USD,1640000929.0,1.1685596666666667,1.1685848333333335
EUR_USD,1640000930.0,1.1689,1.1689250000000002
EUR_USD,1640000931.0,1.1691103333333337,1.1691351666666665
EUR_USD,1640000932.0,1.1692006666666666,1.1692253333333333
EUR_USD,1640000933.0,1.169131,1.1691555
EUR_USD,1640000934.0,1.1696613333333334,1.1696856666666666
EUR_USD,1640000935.0,1.1700516666666667,1.1700758333333334
EUR_USD,1640000936.0,1.169992,1.170016
EUR_USD,1640000937.0,1.1700123333333332,1.1700361666666668
EUR_USD,1640000938.0,1.1701726666666667,1.1701963333333332
EUR_USD,1640000939.0,1.170323,1.1703465
EUR_USD,1640000940.0,1.1706433333333335,1.1706666666666667
EUR_USD,1640000941.0,1.1710436666666666,1.1710668333333334
EUR_USD,1640000942.0,1.1711239999999998,1.171147
EUR_USD,1640000943.0,1.1714243333333334,1.1714471666666664
EUR_USD,1640000944.0,1.1715446666666667,1.1715673333333334
EUR_USD,1640000945.0,1.1716950000000002,1.1717175000000002
EUR_USD,1640000946.0,1.1718453333333332,1.1718676666666665
EUR_USD,1640000947.0,1.1717156666666666,1.1717378333333333
EUR_USD,1640000948.0,1.1716260000000003,1.1716479999999998
EUR_USD,1640000949.0,1.1717963333333334,1.1718181666666667
EUR_USD,1640000950.0,1.1717466666666667,1.1717683333333335
EUR_USD,1640000951.0,1.171927,1.1719485
EUR_USD,1640000952.0,1.1722073333333332,1.1722286666666666
EUR_USD,1640000953.0,1.1725476666666665,1.1725688333333333
EUR_USD,1640000954.0,1.172568,1.172589
EUR_USD,1640000955.0,1.1724083333333337,1.1724291666666666
EUR_USD,1640000956.0,1.1729186666666669,1.1729393333333333
EUR_USD,1640000957.0,1.172569,1.1725895
EUR_USD,1640000958.0,1.1724693333333334,1.1724896666666669
EUR_USD,1640000959.0,1.1725896666666666,1.1726098333333335
EUR_USD,1640000960.0,1.17245,1.1724699999999997
EUR_USD,1640000961.0,1.1726003333333332,1.1726201666666667
EUR_USD,1640000962.0,1.1727706666666666,1.1727903333333334
EUR_USD,1640000963.0,1.1727910000000001,1.1728104999999998
EUR_USD,1640000964.0,1.1727213333333335,1.1727406666666664
EUR_USD,1640000965.0,1.1725816666666669,1.172600833333333
EUR_USD,1640000966.0,1.172622,1.1726409999999998
EUR_USD,1640000967.0,1.1728423333333333,1.1728611666666668
EUR_USD,1640000968.0,1.1729626666666668,1.1729813333333332
EUR_USD,1640000969.0,1.173003,1.1730215
EUR_USD,1640000970.0,1.1730033333333332,1.1730216666666666
EUR_USD,1640000971.0,1.1733236666666667,1.1733418333333334
EUR_USD,1640000972.0,1.1730240000000003,1.173042
EUR_USD,1640000973.0,1.1731143333333334,1.1731321666666668
EUR_USD,1640000974.0,1.1728546666666668,1.1728723333333333
EUR_USD,1640000975.0,1.1728049999999999,1.1728225
EUR_USD,1640000976.0,1.1730753333333332,1.1730926666666668
EUR_USD,1640000977.0,1.1730156666666667,1.1730328333333335
EUR_USD,1640000978.0,1.172916,1.172933
EUR_USD,1640000979.0,1.1732463333333332,1.1732631666666666
EUR_USD,1640000980.0,1.1731266666666667,1.1731433333333334
EUR_USD,1640000981.0,1.173187,1.1732035
EUR_USD,1640000982.0,1.1728073333333333,1.1728236666666667
EUR_USD,1640000983.0,1.1728976666666666,1.1729138333333333
EUR_USD,1640000984.0,1.1732479999999998,1.173264
EUR_USD,1640000985.0,1.1733983333333335,1.1734141666666664
EUR_USD,1640000986.0,1.1732186666666666,1.1732343333333333
EUR_USD,1640000987.0,1.1735390000000003,1.1735544999999998
EUR_USD,1640000988.0,1.1734593333333334,1.1734746666666669
EUR_USD,1640000989.0,1.1734296666666666,1.1734448333333334
EUR_USD,1640000990.0,1.17341,1.173425
EUR_USD,1640000991.0,1.1737203333333333,1.1737351666666667
EUR_USD,1640000992.0,1.1739306666666667,1.1739453333333334
EUR_USD,1640000993.0,1.1740810000000002,1.1740955
EUR_USD,1640000994.0,1.1739913333333332,1.1740056666666665
EUR_USD,1640000995.0,1.1740916666666665,1.1741058333333334
EUR_USD,1640000996.0,1.174502,1.1745160000000001
EUR_USD,1640000997.0,1.1749323333333335,1.1749461666666667
EUR_USD,1640000998.0,1.1752826666666665,1.1752963333333333
EUR_USD,1640000999.0,1.174963,1.1749765
EUR_USD,1640001000.0,1.1751633333333333,1.1751766666666668
EUR_USD,1640001001.0,1.1754836666666666,1.1754968333333333
EUR_USD,1640001002.0,1.175764,1.175777
EUR_USD,1640001003.0,1.1761143333333333,1.1761271666666668
EUR_USD,1640001004.0,1.1761646666666665,1.1761773333333334
EUR_USD,1640001005.0,1.1761249999999999,1.1761374999999998
EUR_USD,1640001006.0,1.1760853333333334,1.1760976666666667
EUR_USD,1640001007.0,1.1764956666666668,1.1765078333333332
EUR_USD,1640001008.0,1.1767059999999998,1.176718
EUR_USD,1640001009.0,1.1769963333333333,1.1770081666666667
EUR_USD,1640001010.0,1.1769866666666666,1.1769983333333334
EUR_USD,1640001011.0,1.177057,1.1770685
EUR_USD,1640001012.0,1.1769673333333337,1.1769786666666666
EUR_USD,1640001013.0,1.1771976666666666,1.1772088333333333
EUR_USD,1640001014.0,1.177338,1.177349
EUR_USD,1640001015.0,1.1775483333333336,1.1775591666666667
EUR_USD,1640001016.0,1.1778686666666667,1.1778793333333333
EUR_USD,1640001017.0,1.1776689999999999,1.1776795
EUR_USD,1640001018.0,1.1774293333333332,1.1774396666666667
EUR_USD,1640001019.0,1.1777096666666667,1.1777198333333334
EUR_USD,1640001020.0,1.1779,1.17791
EUR_USD,1640001021.0,1.1782303333333335,1.1782401666666664
EUR_USD,1640001022.0,1.1782206666666666,1.1782303333333335
EUR_USD,1640001023.0,1.178671,1.1786804999999998
EUR_USD,1640001024.0,1.1787613333333333,1.1787706666666669
EUR_USD,1640001025.0,1.1788716666666668,1.1788808333333334
EUR_USD,1640001026.0,1.178932,1.178941
EUR_USD,1640001027.0,1.1790923333333332,1.1791011666666666
EUR_USD,1640001028.0,1.179482666666667,1.1794913333333332
EUR_USD,1640001029.0,1.179583,1.1795915
EUR_USD,1640001030.0,1.1796633333333333,1.1796716666666667
EUR_USD,1640001031.0,1.1796636666666667,1.1796718333333334
EUR_USD,1640001032.0,1.1796339999999998,1.1796419999999999
EUR_USD,1640001033.0,1.1799343333333332,1.1799421666666667
EUR_USD,1640001034.0,1.1801246666666667,1.1801323333333333
EUR_USD,1640001035.0,1.180255,1.1802625
EUR_USD,1640001036.0,1.1802253333333335,1.180232666666667
EUR_USD,1640001037.0,1.1800656666666667,1.180072833333333
EUR_USD,1640001038.0,1.179946,1.179953
EUR_USD,1640001039.0,1.1800963333333336,1.1801031666666666
EUR_USD,1640001040.0,1.1804766666666668,1.180483333333333
EUR_USD,1640001041.0,1.180297,1.1803035
EUR_USD,1640001042.0,1.1804473333333332,1.1804536666666667
EUR_USD,1640001043.0,1.1807976666666666,1.1808038333333335
EUR_USD,1640001044.0,1.180728,1.1807340000000002
EUR_USD,1640001045.0,1.1807783333333335,1.1807841666666667
EUR_USD,1640001046.0,1.1808486666666664,1.1808543333333332
EUR_USD,1640001047.0,1.1807790000000002,1.1807845
EUR_USD,1640001048.0,1.1809993333333333,1.1810046666666667
EUR_USD,1640001049.0,1.1816496666666667,1.1816548333333334
EUR_USD,1640001050.0,1.18184,1.181845
EUR_USD,1640001051.0,1.1815803333333332,1.1815851666666668
EUR_USD,1640001052.0,1.1815706666666665,1.1815753333333334
EUR_USD,1640001053.0,1.181451,1.1814555000000002
EUR_USD,1640001054.0,1.1816113333333333,1.1816156666666666
EUR_USD,1640001055.0,1.1820016666666668,1.1820058333333334
EUR_USD,1640001056.0,1.181992,1.181996
EUR_USD,1640001057.0,1.1822123333333332,1.1822161666666666
EUR_USD,1640001058.0,1.1825126666666668,1.182516333333333
EUR_USD,1640001059.0,1.1828130000000003,1.1828165
EUR_USD,1640001060.0,1.1829333333333332,1.1829366666666665
EUR_USD,1640001061.0,1.1828536666666665,1.1828568333333331
EUR_USD,1640001062.0,1.182604,1.182607
EUR_USD,1640001063.0,1.1825343333333334,1.1825371666666666
EUR_USD,1640001064.0,1.1827546666666668,1.1827573333333332
EUR_USD,1640001065.0,1.182675,1.1826775
EUR_USD,1640001066.0,1.1825753333333333,1.1825776666666667
EUR_USD,1640001067.0,1.1826956666666666,1.1826978333333333
EUR_USD,1640001068.0,1.182866,1.182868
EUR_USD,1640001069.0,1.1834563333333334,1.1834581666666668
EUR_USD,1640001070.0,1.1833766666666665,1.1833783333333332
EUR_USD,1640001071.0,1.183627,1.1836285000000002
EUR_USD,1640001072.0,1.1839373333333336,1.1839386666666667
EUR_USD,1640001073.0,1.1839976666666667,1.1839988333333333
EUR_USD,1640001074.0,1.1843780000000002,1.184379
EUR_USD,1640001075.0,1.1843783333333335,1.1843791666666665
EUR_USD,1640001076.0,1.1844686666666666,1.1844693333333334
EUR_USD,1640001077.0,1.184559,1.1845595
EUR_USD,1640001078.0,1.1845793333333334,1.1845796666666668
EUR_USD,1640001079.0,1.1848196666666668,1.184819833333333
EUR_USD,1640001080.0,1.1850900000000002,1.1850899999999998
EUR_USD,1640001081.0,1.1853103333333332,1.1853101666666666
EUR_USD,1640001082.0,1.1852206666666667,1.1852203333333335
EUR_USD,1640001083.0,1.185391,1.1853905
EUR_USD,1640001084.0,1.1851713333333331,1.1851706666666666
EUR_USD,1640001085.0,1.1854416666666665,1.1854408333333333
EUR_USD,1640001086.0,1.1851319999999999,1.185131
EUR_USD,1640001087.0,1.1856023333333336,1.1856011666666666
EUR_USD,1640001088.0,1.1861126666666668,1.1861113333333333
EUR_USD,1640001089.0,1.1860229999999998,1.1860214999999998
EUR_USD,1640001090.0,1.1868733333333332,1.1868716666666668
EUR_USD,1640001091.0,1.1870936666666667,1.1870918333333333
EUR_USD,1640001092.0,1.187044,1.187042
EUR_USD,1640001093.0,1.1872243333333334,1.187222166666667
EUR_USD,1640001094.0,1.1873946666666666,1.1873923333333334
EUR_USD,1640001095.0,1.187385,1.1873825
EUR_USD,1640001096.0,1.1872453333333333,1.1872426666666667
EUR_USD,1640001097.0,1.1875256666666667,1.1875228333333334
EUR_USD,1640001098.0,1.1878360000000001,1.1878330000000001
EUR_USD,1640001099.0,1.1881663333333332,1.1881631666666665
EUR_USD,1640001100.0,1.1885666666666665,1.1885633333333332
EUR_USD,1640001101.0,1.188697,1.1886934999999998
EUR_USD,1640001102.0,1.1886773333333334,1.1886736666666669
EUR_USD,1640001103.0,1.1886276666666666,1.1886238333333332
EUR_USD,1640001104.0,1.189128,1.189124
EUR_USD,1640001105.0,1.1891583333333333,1.1891541666666667
EUR_USD,1640001106.0,1.1888086666666666,1.1888043333333334
EUR_USD,1640001107.0,1.188669,1.1886645
EUR_USD,1640001108.0,1.188969333333333,1.1889646666666667
EUR_USD,1640001109.0,1.1886596666666667,1.1886548333333333
EUR_USD,1640001110.0,1.18879,1.1887850000000002
EUR_USD,1640001111.0,1.1889003333333337,1.1888951666666667
EUR_USD,1640001112.0,1.1892106666666669,1.1892053333333332
EUR_USD,1640001113.0,1.189331,1.1893255
EUR_USD,1640001114.0,1.1896613333333332,1.1896556666666667
EUR_USD,1640001115.0,1.1899816666666667,1.1899758333333335
EUR_USD,1640001116.0,1.1896820000000004,1.189676
EUR_USD,1640001117.0,1.1896823333333337,1.1896761666666666
EUR_USD,1640001118.0,1.1896026666666666,1.1895963333333333
EUR_USD,1640001119.0,1.189533,1.1895265
EUR_USD,1640001120.0,1.1896433333333334,1.189636666666667
EUR_USD,1640001121.0,1.1896336666666667,1.1896268333333335
EUR_USD,1640001122.0,1.189314,1.189307
EUR_USD,1640001123.0,1.1896043333333333,1.1895971666666667
EUR_USD,1640001124.0,1.1896246666666666,1.1896173333333333
EUR_USD,1640001125.0,1.189915,1.1899075000000001
EUR_USD,1640001126.0,1.1902753333333334,1.1902676666666667
EUR_USD,1640001127.0,1.1902456666666665,1.1902378333333332
EUR_USD,1640001128.0,1.190456,1.190448
EUR_USD,1640001129.0,1.1907363333333336,1.1907281666666667
EUR_USD,1640001130.0,1.1908266666666667,1.1908183333333335
EUR_USD,1640001131.0,1.190917,1.1909085
EUR_USD,1640001132.0,1.1910273333333332,1.1910186666666667
EUR_USD,1640001133.0,1.1907476666666665,1.1907388333333333
EUR_USD,1640001134.0,1.190718,1.190709
EUR_USD,1640001135.0,1.1908383333333337,1.1908291666666666
EUR_USD,1640001136.0,1.1912186666666669,1.1912093333333331
EUR_USD,1640001137.0,1.1915589999999998,1.1915494999999998
EUR_USD,1640001138.0,1.1917493333333333,1.1917396666666669
EUR_USD,1640001139.0,1.1917596666666666,1.1917498333333332
EUR_USD,1640001140.0,1.1918600000000001,1.1918499999999999
EUR_USD,1640001141.0,1.1919603333333333,1.1919501666666665
EUR_USD,1640001142.0,1.1924206666666666,1.1924103333333333
EUR_USD,1640001143.0,1.1926809999999999,1.1926705
EUR_USD,1640001144.0,1.1924613333333334,1.1924506666666668
EUR_USD,1640001145.0,1.1925516666666667,1.1925408333333334
EUR_USD,1640001146.0,1.1924919999999999,1.192481
EUR_USD,1640001147.0,1.1922723333333334,1.1922611666666665
EUR_USD,1640001148.0,1.1925426666666668,1.1925313333333332
EUR_USD,1640001149.0,1.192553,1.1925415
EUR_USD,1640001150.0,1.1928133333333335,1.1928016666666665
EUR_USD,1640001151.0,1.1928836666666665,1.1928718333333332
EUR_USD,1640001152.0,1.193414,1.193402
EUR_USD,1640001153.0,1.1937743333333333,1.1937621666666667
EUR_USD,1640001154.0,1.1938146666666667,1.1938023333333334
EUR_USD,1640001155.0,1.193705,1.1936925
EUR_USD,1640001156.0,1.1941453333333332,1.1941326666666665
EUR_USD,1640001157.0,1.1942056666666665,1.1941928333333331
EUR_USD,1640001158.0,1.194586,1.194573
EUR_USD,1640001159.0,1.1946463333333335,1.1946331666666665
EUR_USD,1640001160.0,1.1950666666666665,1.1950533333333333
EUR_USD,1640001161.0,1.195317,1.1953035
EUR_USD,1640001162.0,1.1953173333333333,1.1953036666666668
EUR_USD,1640001163.0,1.1955676666666668,1.1955538333333333
EUR_USD,1640001164.0,1.195928,1.1959140000000001
EUR_USD,1640001165.0,1.1963183333333332,1.1963041666666667
EUR_USD,1640001166.0,1.1963386666666667,1.1963243333333333
EUR_USD,1640001167.0,1.1969189999999998,1.1969045
EUR_USD,1640001168.0,1.1974793333333333,1.1974646666666668
EUR_USD,1640001169.0,1.1977896666666668,1.1977748333333333
EUR_USD,1640001170.0,1.1979099999999998,1.197895
EUR_USD,1640001171.0,1.1980703333333333,1.1980551666666668
EUR_USD,1640001172.0,1.1981006666666667,1.1980853333333334
EUR_USD,1640001173.0,1.198181,1.1981655
EUR_USD,1640001174.0,1.1981513333333333,1.1981356666666667
EUR_USD,1640001175.0,1.1979816666666665,1.1979658333333334
EUR_USD,1640001176.0,1.1978020000000003,1.1977859999999998
EUR_USD,1640001177.0,1.1980723333333336,1.1980561666666665
EUR_USD,1640001178.0,1.1978826666666667,1.1978663333333333
EUR_USD,1640001179.0,1.197923,1.1979065000000002
EUR_USD,1640001180.0,1.1978633333333333,1.1978466666666667
EUR_USD,1640001181.0,1.197903666666667,1.1978868333333332
EUR_USD,1640001182.0,1.197764,1.1977470000000001
EUR_USD,1640001183.0,1.1981743333333337,1.1981571666666666
EUR_USD,1640001184.0,1.1983846666666667,1.1983673333333331
EUR_USD,1640001185.0,1.198235,1.1982175000000002
EUR_USD,1640001186.0,1.1984853333333332,1.1984676666666667
EUR_USD,1640001187.0,1.1983256666666666,1.1983078333333332
EUR_USD,1640001188.0,1.1981860000000002,1.198168
EUR_USD,1640001189.0,1.1983563333333331,1.1983381666666666
EUR_USD,1640001190.0,1.1986466666666666,1.1986283333333334
EUR_USD,1640001191.0,1.198797,1.1987785
EUR_USD,1640001192.0,1.1989473333333334,1.1989286666666668
EUR_USD,1640001193.0,1.1986776666666668,1.1986588333333335
EUR_USD,1640001194.0,1.198798,1.1987789999999998
EUR_USD,1640001195.0,1.1988583333333334,1.1988391666666667
EUR_USD,1640001196.0,1.1994686666666667,1.1994493333333334
EUR_USD,1640001197.0,1.199439,1.1994194999999999
EUR_USD,1640001198.0,1.1996793333333335,1.1996596666666666
EUR_USD,1640001199.0,1.1999996666666666,1.1999798333333334
