instrument,ts,bid,ask
EUR_USD,1640000000.0,1.12003,1.12011
EUR_USD,1640000001.0,1.12005,1.12013
EUR_USD,1640000002.0,1.12015,1.12023
EUR_USD,1640000003.0,1.1201,1.12018
EUR_USD,1640000004.0,1.1203,1.12038
EUR_USD,1640000005.0,1.12026,1.12034
EUR_USD,1640000006.0,1.12035,1.12043
EUR_USD,1640000007.0,1.12035,1.12043
EUR_USD,1640000008.0,1.12034,1.12042
EUR_USD,1640000009.0,1.12014,1.12022
EUR_USD,1640000010.0,1.12011,1.12019
EUR_USD,1640000011.0,1.12022,1.1203
EUR_USD,1640000012.0,1.12021,1.12029
EUR_USD,1640000013.0,1.12025,1.12033
EUR_USD,1640000014.0,1.12011,1.12019
EUR_USD,1640000015.0,1.12017,1.12025
EUR_USD,1640000016.0,1.12019,1.12027
EUR_USD,1640000017.0,1.12033,1.12041
EUR_USD,1640000018.0,1.12024,1.12032
EUR_USD,1640000019.0,1.12029,1.12037
EUR_USD,1640000020.0,1.1203,1.12038
EUR_USD,1640000021.0,1.12044,1.12052
EUR_USD,1640000022.0,1.12035,1.12043
EUR_USD,1640000023.0,1.12038,1.12046
EUR_USD,1640000024.0,1.12023,1.12031
EUR_USD,1640000025.0,1.12004,1.12012
EUR_USD,1640000026.0,1.11998,1.12006
EUR_USD,1640000027.0,1.12,1.12008
EUR_USD,1640000028.0,1.12008,1.12016
EUR_USD,1640000029.0,1.12011,1.12019
EUR_USD,1640000030.0,1.12011,1.12019
EUR_USD,1640000031.0,1.12015,1.12023
EUR_USD,1640000032.0,1.12013,1.12021
EUR_USD,1640000033.0,1.12012,1.1202
EUR_USD,1640000034.0,1.12,1.12008
EUR_USD,1640000035.0,1.11998,1.12006
EUR_USD,1640000036.0,1.12005,1.12013
EUR_USD,1640000037.0,1.11999,1.12007
EUR_USD,1640000038.0,1.12007,1.12015
EUR_USD,1640000039.0,1.12031,1.12039
EUR_USD,1640000040.0,1.12039,1.12047
EUR_USD,1640000041.0,1.12037,1.12045
EUR_USD,1640000042.0,1.1206,1.12068
EUR_USD,1640000043.0,1.12065,1.12073
EUR_USD,1640000044.0,1.12055,1.12063
EUR_USD,1640000045.0,1.12073,1.12081
EUR_USD,1640000046.0,1.1207,1.12078
EUR_USD,1640000047.0,1.12067,1.12075
EUR_USD,1640000048.0,1.12075,1.12083
EUR_USD,1640000049.0,1.1208,1.12088
EUR_USD,1640000050.0,1.12087,1.12095
EUR_USD,1640000051.0,1.12089,1.12097
EUR_USD,1640000052.0,1.12098,1.12106
EUR_USD,1640000053.0,1.12102,1.1211
EUR_USD,1640000054.0,1.1212,1.12128
EUR_USD,1640000055.0,1.12132,1.1214
EUR_USD,1640000056.0,1.12137,1.12145
EUR_USD,1640000057.0,1.12127,1.12135
EUR_USD,1640000058.0,1.12133,1.12141
EUR_USD,1640000059.0,1.12136,1.12144
EUR_USD,1640000060.0,1.12153,1.12161
EUR_USD,1640000061.0,1.12162,1.1217
EUR_USD,1640000062.0,1.12172,1.1218
EUR_USD,1640000063.0,1.12183,1.12191
EUR_USD,1640000064.0,1.12191,1.12199
EUR_USD,1640000065.0,1.12178,1.12186
EUR_USD,1640000066.0,1.12178,1.12186
EUR_USD,1640000067.0,1.12192,1.122
EUR_USD,1640000068.0,1.12195,1.12203
EUR_USD,1640000069.0,1.12202,1.1221
EUR_USD,1640000070.0,1.12208,1.12216
EUR_USD,1640000071.0,1.12211,1.12219
EUR_USD,1640000072.0,1.12225,1.12233
EUR_USD,1640000073.0,1.12232,1.1224
EUR_USD,1640000074.0,1.1224,1.12248
EUR_USD,1640000075.0,1.12233,1.12241
EUR_USD,1640000076.0,1.1223,1.12238
EUR_USD,1640000077.0,1.12236,1.12244
EUR_USD,1640000078.0,1.12255,1.12263
EUR_USD,1640000079.0,1.12256,1.12264
EUR_USD,1640000080.0,1.12252,1.1226
EUR_USD,1640000081.0,1.12251,1.12259
EUR_USD,1640000082.0,1.12257,1.12265
EUR_USD,1640000083.0,1.12282,1.1229
EUR_USD,1640000084.0,1.12281,1.12289
EUR_USD,1640000085.0,1.12279,1.12287
EUR_USD,1640000086.0,1.12292,1.123
EUR_USD,1640000087.0,1.12291,1.12299
EUR_USD,1640000088.0,1.1229,1.12298
EUR_USD,1640000089.0,1.12297,1.12305
EUR_USD,1640000090.0,1.12303,1.12311
EUR_USD,1640000091.0,1.12316,1.12324
EUR_USD,1640000092.0,1.12324,1.12332
EUR_USD,1640000093.0,1.12337,1.12345
EUR_USD,1640000094.0,1.12341,1.12349
EUR_USD,1640000095.0,1.12352,1.1236
EUR_USD,1640000096.0,1.12348,1.12356
EUR_USD,1640000097.0,1.12338,1.12346
EUR_USD,1640000098.0,1.12345,1.12353
EUR_USD,1640000099.0,1.12341,1.12349
EUR_USD,1640000100.0,1.12342,1.1235
EUR_USD,1640000101.0,1.12353,1.12361
EUR_USD,1640000102.0,1.12365,1.12373
EUR_USD,1640000103.0,1.12359,1.12367
EUR_USD,1640000104.0,1.1235,1.12358
EUR_USD,1640000105.0,1.12344,1.12352
EUR_USD,1640000106.0,1.1236,1.12368
EUR_USD,1640000107.0,1.12365,1.12373
EUR_USD,1640000108.0,1.12362,1.1237
EUR_USD,1640000109.0,1.12354,1.12362
EUR_USD,1640000110.0,1.12348,1.12356
EUR_USD,1640000111.0,1.12357,1.12365
EUR_USD,1640000112.0,1.12365,1.12373
EUR_USD,1640000113.0,1.12342,1.1235
EUR_USD,1640000114.0,1.12332,1.1234
EUR_USD,1640000115.0,1.12356,1.12364
EUR_USD,1640000116.0,1.1237,1.12378
EUR_USD,1640000117.0,1.12375,1.12383
EUR_USD,1640000118.0,1.12383,1.12391
EUR_USD,1640000119.0,1.12395,1.12403
EUR_USD,1640000120.0,1.12418,1.12426
EUR_USD,1640000121.0,1.12408,1.12416
EUR_USD,1640000122.0,1.12398,1.12406
EUR_USD,1640000123.0,1.12397,1.12405
EUR_USD,1640000124.0,1.12401,1.12409
EUR_USD,1640000125.0,1.12404,1.12412
EUR_USD,1640000126.0,1.12415,1.12423
EUR_USD,1640000127.0,1.12424,1.12432
EUR_USD,1640000128.0,1.12438,1.12446
EUR_USD,1640000129.0,1.12434,1.12442
EUR_USD,1640000130.0,1.12436,1.12444
EUR_USD,1640000131.0,1.12455,1.12463
EUR_USD,1640000132.0,1.12457,1.12465
EUR_USD,1640000133.0,1.12451,1.12459
EUR_USD,1640000134.0,1.12442,1.1245
EUR_USD,1640000135.0,1.12438,1.12446
EUR_USD,1640000136.0,1.12443,1.12451
EUR_USD,1640000137.0,1.12438,1.12446
EUR_USD,1640000138.0,1.12446,1.12454
EUR_USD,1640000139.0,1.12447,1.12455
EUR_USD,1640000140.0,1.12446,1.12454
EUR_USD,1640000141.0,1.12443,1.12451
EUR_USD,1640000142.0,1.12441,1.12449
EUR_USD,1640000143.0,1.12453,1.12461
EUR_USD,1640000144.0,1.1247,1.12478
EUR_USD,1640000145.0,1.12463,1.12471
EUR_USD,1640000146.0,1.12485,1.12493
EUR_USD,1640000147.0,1.12488,1.12496
EUR_USD,1640000148.0,1.12488,1.12496
EUR_USD,1640000149.0,1.12486,1.12494
EUR_USD,1640000150.0,1.12485,1.12493
EUR_USD,1640000151.0,1.12489,1.12497
EUR_USD,1640000152.0,1.12492,1.125
EUR_USD,1640000153.0,1.12486,1.12494
EUR_USD,1640000154.0,1.12479,1.12487
EUR_USD,1640000155.0,1.12492,1.125
EUR_USD,1640000156.0,1.12492,1.125
EUR_USD,1640000157.0,1.12496,1.12504
EUR_USD,1640000158.0,1.12528,1.12536
EUR_USD,1640000159.0,1.12529,1.12537
EUR_USD,1640000160.0,1.12544,1.12552
EUR_USD,1640000161.0,1.12525,1.12533
EUR_USD,1640000162.0,1.1252,1.12528
EUR_USD,1640000163.0,1.12537,1.12545
EUR_USD,1640000164.0,1.12541,1.12549
EUR_USD,1640000165.0,1.12546,1.12554
EUR_USD,1640000166.0,1.12532,1.1254
EUR_USD,1640000167.0,1.12523,1.12531
EUR_USD,1640000168.0,1.12539,1.12547
EUR_USD,1640000169.0,1.12545,1.12553
EUR_USD,1640000170.0,1.12545,1.12553
EUR_USD,1640000171.0,1.12557,1.12565
EUR_USD,1640000172.0,1.12571,1.12579
EUR_USD,1640000173.0,1.12574,1.12582
EUR_USD,1640000174.0,1.12574,1.12582
EUR_USD,1640000175.0,1.12559,1.12567
EUR_USD,1640000176.0,1.12561,1.12569
EUR_USD,1640000177.0,1.12532,1.1254
EUR_USD,1640000178.0,1.12542,1.1255
EUR_USD,1640000179.0,1.1256,1.12568
EUR_USD,1640000180.0,1.12575,1.12583
EUR_USD,1640000181.0,1.12581,1.12589
EUR_USD,1640000182.0,1.12592,1.126
EUR_USD,1640000183.0,1.12601,1.12609
EUR_USD,1640000184.0,1.12597,1.12605
EUR_USD,1640000185.0,1.12591,1.12599
EUR_USD,1640000186.0,1.12604,1.12612
EUR_USD,1640000187.0,1.12605,1.12613
EUR_USD,1640000188.0,1.12616,1.12624
EUR_USD,1640000189.0,1.1261,1.12618
EUR_USD,1640000190.0,1.12605,1.12613
EUR_USD,1640000191.0,1.12617,1.12625
EUR_USD,1640000192.0,1.12632,1.1264
EUR_USD,1640000193.0,1.12642,1.1265
EUR_USD,1640000194.0,1.12651,1.12659
EUR_USD,1640000195.0,1.12665,1.12673
EUR_USD,1640000196.0,1.12659,1.12667
EUR_USD,1640000197.0,1.1266,1.12668
EUR_USD,1640000198.0,1.12676,1.12684
EUR_USD,1640000199.0,1.12681,1.12689
EUR_USD,1640000200.0,1.12679,1.12687
EUR_USD,1640000201.0,1.12682,1.1269
EUR_USD,1640000202.0,1.12692,1.127
EUR_USD,1640000203.0,1.12697,1.12705
EUR_USD,1640000204.0,1.12687,1.12695
EUR_USD,1640000205.0,1.12699,1.12707
EUR_USD,1640000206.0,1.12715,1.12723
EUR_USD,1640000207.0,1.12709,1.12717
EUR_USD,1640000208.0,1.12709,1.12717
EUR_USD,1640000209.0,1.12719,1.12727
EUR_USD,1640000210.0,1.12729,1.12737
EUR_USD,1640000211.0,1.12738,1.12746
EUR_USD,1640000212.0,1.12749,1.12757
EUR_USD,1640000213.0,1.12736,1.12744
EUR_USD,1640000214.0,1.12738,1.12746
EUR_USD,1640000215.0,1.12733,1.12741
EUR_USD,1640000216.0,1.12738,1.12746
EUR_USD,1640000217.0,1.12759,1.12767
EUR_USD,1640000218.0,1.12755,1.12763
EUR_USD,1640000219.0,1.12757,1.12765
EUR_USD,1640000220.0,1.12756,1.12764
EUR_USD,1640000221.0,1.12756,1.12764
EUR_USD,1640000222.0,1.12757,1.12765
EUR_USD,1640000223.0,1.12774,1.12782
EUR_USD,1640000224.0,1.12771,1.12779
EUR_USD,1640000225.0,1.12771,1.12779
EUR_USD,1640000226.0,1.1278,1.12788
EUR_USD,1640000227.0,1.12787,1.12795
EUR_USD,1640000228.0,1.12797,1.12805
EUR_USD,1640000229.0,1.12799,1.12807
EUR_USD,1640000230.0,1.12795,1.12803
EUR_USD,1640000231.0,1.12803,1.12811
EUR_USD,1640000232.0,1.12813,1.12821
EUR_USD,1640000233.0,1.12819,1.12827
EUR_USD,1640000234.0,1.12829,1.12837
EUR_USD,1640000235.0,1.12835,1.12843
EUR_USD,1640000236.0,1.1284,1.12848
EUR_USD,1640000237.0,1.12862,1.1287
EUR_USD,1640000238.0,1.12852,1.1286
EUR_USD,1640000239.0,1.12852,1.1286
EUR_USD,1640000240.0,1.12867,1.12875
EUR_USD,1640000241.0,1.12863,1.12871
EUR_USD,1640000242.0,1.1287,1.12878
EUR_USD,1640000243.0,1.12874,1.12882
EUR_USD,1640000244.0,1.12872,1.1288
EUR_USD,1640000245.0,1.12862,1.1287
EUR_USD,1640000246.0,1.12861,1.12869
EUR_USD,1640000247.0,1.12867,1.12875
EUR_USD,1640000248.0,1.12862,1.1287
EUR_USD,1640000249.0,1.12877,1.12885
EUR_USD,1640000250.0,1.12889,1.12897
EUR_USD,1640000251.0,1.12897,1.12905
EUR_USD,1640000252.0,1.12897,1.12905
EUR_USD,1640000253.0,1.129,1.12908
EUR_USD,1640000254.0,1.12914,1.12922
EUR_USD,1640000255.0,1.12916,1.12924
EUR_USD,1640000256.0,1.12916,1.12924
EUR_USD,1640000257.0,1.1292,1.12928
EUR_USD,1640000258.0,1.12915,1.12923
EUR_USD,1640000259.0,1.12914,1.12922
EUR_USD,1640000260.0,1.12912,1.1292
EUR_USD,1640000261.0,1.12897,1.12905
EUR_USD,1640000262.0,1.12897,1.12905
EUR_USD,1640000263.0,1.12889,1.12897
EUR_USD,1640000264.0,1.12887,1.12895
EUR_USD,1640000265.0,1.12886,1.12894
EUR_USD,1640000266.0,1.12888,1.12896
EUR_USD,1640000267.0,1.12887,1.12895
EUR_USD,1640000268.0,1.12889,1.12897
EUR_USD,1640000269.0,1.12902,1.1291
EUR_USD,1640000270.0,1.12902,1.1291
EUR_USD,1640000271.0,1.12905,1.12913
EUR_USD,1640000272.0,1.129,1.12908
EUR_USD,1640000273.0,1.12902,1.1291
EUR_USD,1640000274.0,1.12923,1.12931
EUR_USD,1640000275.0,1.12919,1.12927
EUR_USD,1640000276.0,1.12917,1.12925
EUR_USD,1640000277.0,1.12931,1.12939
EUR_USD,1640000278.0,1.12932,1.1294
EUR_USD,1640000279.0,1.12935,1.12943
EUR_USD,1640000280.0,1.12925,1.12933
EUR_USD,1640000281.0,1.12927,1.12935
EUR_USD,1640000282.0,1.12907,1.12915
EUR_USD,1640000283.0,1.129,1.12908
EUR_USD,1640000284.0,1.12919,1.12927
EUR_USD,1640000285.0,1.12916,1.12924
EUR_USD,1640000286.0,1.1291,1.12918
EUR_USD,1640000287.0,1.12913,1.12921
EUR_USD,1640000288.0,1.12919,1.12927
EUR_USD,1640000289.0,1.12927,1.12935
EUR_USD,1640000290.0,1.12934,1.12942
EUR_USD,1640000291.0,1.12946,1.12954
EUR_USD,1640000292.0,1.12939,1.12947
EUR_USD,1640000293.0,1.12944,1.12952
EUR_USD,1640000294.0,1.12956,1.12964
EUR_USD,1640000295.0,1.12964,1.12972
EUR_USD,1640000296.0,1.12979,1.12987
EUR_USD,1640000297.0,1.12987,1.12995
EUR_USD,1640000298.0,1.12996,1.13004
EUR_USD,1640000299.0,1.13011,1.13019
EUR_USD,1640000300.0,1.13023,1.13031
EUR_USD,1640000301.0,1.13012,1.1302
EUR_USD,1640000302.0,1.1303,1.13038
EUR_USD,1640000303.0,1.13029,1.13037
EUR_USD,1640000304.0,1.13037,1.13045
EUR_USD,1640000305.0,1.1306,1.13068
EUR_USD,1640000306.0,1.13069,1.13077
EUR_USD,1640000307.0,1.13073,1.13081
EUR_USD,1640000308.0,1.13073,1.13081
EUR_USD,1640000309.0,1.13073,1.13081
EUR_USD,1640000310.0,1.13094,1.13102
EUR_USD,1640000311.0,1.13108,1.13116
EUR_USD,1640000312.0,1.13128,1.13136
EUR_USD,1640000313.0,1.13143,1.13151
EUR_USD,1640000314.0,1.13142,1.1315
EUR_USD,1640000315.0,1.13144,1.13152
EUR_USD,1640000316.0,1.13143,1.13151
EUR_USD,1640000317.0,1.13129,1.13137
EUR_USD,1640000318.0,1.13133,1.13141
EUR_USD,1640000319.0,1.13144,1.13152
EUR_USD,1640000320.0,1.13134,1.13142
EUR_USD,1640000321.0,1.13145,1.13153
EUR_USD,1640000322.0,1.13156,1.13164
EUR_USD,1640000323.0,1.13154,1.13162
EUR_USD,1640000324.0,1.13163,1.13171
EUR_USD,1640000325.0,1.13184,1.13192
EUR_USD,1640000326.0,1.13186,1.13194
EUR_USD,1640000327.0,1.13178,1.13186
EUR_USD,1640000328.0,1.13172,1.1318
EUR_USD,1640000329.0,1.13163,1.13171
EUR_USD,1640000330.0,1.13166,1.13174
EUR_USD,1640000331.0,1.1318,1.13188
EUR_USD,1640000332.0,1.13173,1.13181
EUR_USD,1640000333.0,1.13182,1.1319
EUR_USD,1640000334.0,1.13182,1.1319
EUR_USD,1640000335.0,1.13185,1.13193
EUR_USD,1640000336.0,1.13173,1.13181
EUR_USD,1640000337.0,1.13167,1.13175
EUR_USD,1640000338.0,1.13179,1.13187
EUR_USD,1640000339.0,1.1318,1.13188
EUR_USD,1640000340.0,1.13193,1.13201
EUR_USD,1640000341.0,1.13209,1.13217
EUR_USD,1640000342.0,1.13208,1.13216
EUR_USD,1640000343.0,1.13216,1.13224
EUR_USD,1640000344.0,1.13217,1.13225
EUR_USD,1640000345.0,1.13224,1.13232
EUR_USD,1640000346.0,1.13232,1.1324
EUR_USD,1640000347.0,1.13231,1.13239
EUR_USD,1640000348.0,1.1322,1.13228
EUR_USD,1640000349.0,1.1322,1.13228
EUR_USD,1640000350.0,1.13222,1.1323
EUR_USD,1640000351.0,1.13231,1.13239
EUR_USD,1640000352.0,1.13238,1.13246
EUR_USD,1640000353.0,1.13251,1.13259
EUR_USD,1640000354.0,1.13239,1.13247
EUR_USD,1640000355.0,1.13257,1.13265
EUR_USD,1640000356.0,1.13254,1.13262
EUR_USD,1640000357.0,1.13264,1.13272
EUR_USD,1640000358.0,1.13275,1.13283
EUR_USD,1640000359.0,1.13278,1.13286
EUR_USD,1640000360.0,1.13295,1.13303
EUR_USD,1640000361.0,1.13296,1.13304
EUR_USD,1640000362.0,1.13311,1.13319
EUR_USD,1640000363.0,1.13313,1.13321
EUR_USD,1640000364.0,1.13323,1.13331
EUR_USD,1640000365.0,1.1333,1.13338
EUR_USD,1640000366.0,1.13335,1.13343
EUR_USD,1640000367.0,1.13333,1.13341
EUR_USD,1640000368.0,1.1333,1.13338
EUR_USD,1640000369.0,1.13333,1.13341
EUR_USD,1640000370.0,1.13325,1.13333
EUR_USD,1640000371.0,1.13332,1.1334
EUR_USD,1640000372.0,1.13343,1.13351
EUR_USD,1640000373.0,1.13357,1.13365
EUR_USD,1640000374.0,1.1336,1.13368
EUR_USD,1640000375.0,1.13375,1.13383
EUR_USD,1640000376.0,1.13376,1.13384
EUR_USD,1640000377.0,1.13364,1.13372
EUR_USD,1640000378.0,1.13361,1.13369
EUR_USD,1640000379.0,1.13366,1.13374
EUR_USD,1640000380.0,1.13366,1.13374
EUR_USD,1640000381.0,1.13378,1.13386
EUR_USD,1640000382.0,1.13378,1.13386
EUR_USD,1640000383.0,1.13404,1.13412
EUR_USD,1640000384.0,1.13413,1.13421
EUR_USD,1640000385.0,1.13399,1.13407
EUR_USD,1640000386.0,1.13413,1.13421
EUR_USD,1640000387.0,1.13415,1.13423
EUR_USD,1640000388.0,1.13416,1.13424
EUR_USD,1640000389.0,1.13419,1.13427
EUR_USD,1640000390.0,1.13417,1.13425
EUR_USD,1640000391.0,1.1343,1.13438
EUR_USD,1640000392.0,1.13456,1.13464
EUR_USD,1640000393.0,1.13465,1.13473
EUR_USD,1640000394.0,1.13479,1.13487
EUR_USD,1640000395.0,1.13475,1.13483
EUR_USD,1640000396.0,1.13484,1.13492
EUR_USD,1640000397.0,1.13489,1.13497
EUR_USD,1640000398.0,1.13495,1.13503
EUR_USD,1640000399.0,1.13497,1.13505
EUR_USD,1640000400.0,1.13511,1.13519
EUR_USD,1640000401.0,1.13519,1.13527
EUR_USD,1640000402.0,1.13522,1.1353
EUR_USD,1640000403.0,1.13526,1.13534
EUR_USD,1640000404.0,1.13508,1.13516
EUR_USD,1640000405.0,1.13521,1.13529
EUR_USD,1640000406.0,1.13519,1.13527
EUR_USD,1640000407.0,1.13524,1.13532
EUR_USD,1640000408.0,1.13525,1.13533
EUR_USD,1640000409.0,1.13527,1.13535
EUR_USD,1640000410.0,1.13538,1.13546
EUR_USD,1640000411.0,1.13511,1.13519
EUR_USD,1640000412.0,1.13509,1.13517
EUR_USD,1640000413.0,1.13513,1.13521
EUR_USD,1640000414.0,1.13513,1.13521
EUR_USD,1640000415.0,1.13512,1.1352
EUR_USD,1640000416.0,1.13513,1.13521
EUR_USD,1640000417.0,1.13524,1.13532
EUR_USD,1640000418.0,1.13538,1.13546
EUR_USD,1640000419.0,1.13548,1.13556
EUR_USD,1640000420.0,1.13549,1.13557
EUR_USD,1640000421.0,1.13551,1.13559
EUR_USD,1640000422.0,1.1357,1.13578
EUR_USD,1640000423.0,1.13582,1.1359
EUR_USD,1640000424.0,1.1358,1.13588
EUR_USD,1640000425.0,1.13588,1.13596
EUR_USD,1640000426.0,1.13587,1.13595
EUR_USD,1640000427.0,1.13592,1.136
EUR_USD,1640000428.0,1.13604,1.13612
EUR_USD,1640000429.0,1.13604,1.13612
EUR_USD,1640000430.0,1.13606,1.13614
EUR_USD,1640000431.0,1.13608,1.13616
EUR_USD,1640000432.0,1.13617,1.13625
EUR_USD,1640000433.0,1.13631,1.13639
EUR_USD,1640000434.0,1.13638,1.13646
EUR_USD,1640000435.0,1.13642,1.1365
EUR_USD,1640000436.0,1.13653,1.13661
EUR_USD,1640000437.0,1.13656,1.13664
EUR_USD,1640000438.0,1.13665,1.13673
EUR_USD,1640000439.0,1.13659,1.13667
EUR_USD,1640000440.0,1.1365,1.13658
EUR_USD,1640000441.0,1.13634,1.13642
EUR_USD,1640000442.0,1.1364,1.13648
EUR_USD,1640000443.0,1.13661,1.13669
EUR_USD,1640000444.0,1.13654,1.13662
EUR_USD,1640000445.0,1.13653,1.13661
EUR_USD,1640000446.0,1.13645,1.13653
EUR_USD,1640000447.0,1.13638,1.13646
EUR_USD,1640000448.0,1.13629,1.13637
EUR_USD,1640000449.0,1.13646,1.13654
EUR_USD,1640000450.0,1.13655,1.13663
EUR_USD,1640000451.0,1.13671,1.13679
EUR_USD,1640000452.0,1.13675,1.13683
EUR_USD,1640000453.0,1.13682,1.1369
EUR_USD,1640000454.0,1.13686,1.13694
EUR_USD,1640000455.0,1.13702,1.1371
EUR_USD,1640000456.0,1.1371,1.13718
EUR_USD,1640000457.0,1.13708,1.13716
EUR_USD,1640000458.0,1.13709,1.13717
EUR_USD,1640000459.0,1.13699,1.13707
EUR_USD,1640000460.0,1.137,1.13708
EUR_USD,1640000461.0,1.13703,1.13711
EUR_USD,1640000462.0,1.13705,1.13713
EUR_USD,1640000463.0,1.13705,1.13713
EUR_USD,1640000464.0,1.1372,1.13728
EUR_USD,1640000465.0,1.13718,1.13726
EUR_USD,1640000466.0,1.13723,1.13731
EUR_USD,1640000467.0,1.1373,1.13738
EUR_USD,1640000468.0,1.13736,1.13744
EUR_USD,1640000469.0,1.13743,1.13751
EUR_USD,1640000470.0,1.13763,1.13771
EUR_USD,1640000471.0,1.13768,1.13776
EUR_USD,1640000472.0,1.1377,1.13778
EUR_USD,1640000473.0,1.13767,1.13775
EUR_USD,1640000474.0,1.13776,1.13784
EUR_USD,1640000475.0,1.13783,1.13791
EUR_USD,1640000476.0,1.13792,1.138
EUR_USD,1640000477.0,1.13797,1.13805
EUR_USD,1640000478.0,1.13797,1.13805
EUR_USD,1640000479.0,1.13806,1.13814
EUR_USD,1640000480.0,1.13805,1.13813
EUR_USD,1640000481.0,1.13815,1.13823
EUR_USD,1640000482.0,1.13809,1.13817
EUR_USD,1640000483.0,1.13819,1.13827
EUR_USD,1640000484.0,1.13815,1.13823
EUR_USD,1640000485.0,1.13814,1.13822
EUR_USD,1640000486.0,1.13826,1.13834
EUR_USD,1640000487.0,1.1383,1.13838
EUR_USD,1640000488.0,1.13838,1.13846
EUR_USD,1640000489.0,1.13846,1.13854
EUR_USD,1640000490.0,1.1384,1.13848
EUR_USD,1640000491.0,1.13845,1.13853
EUR_USD,1640000492.0,1.13849,1.13857
EUR_USD,1640000493.0,1.13855,1.13863
EUR_USD,1640000494.0,1.1387,1.13878
EUR_USD,1640000495.0,1.13883,1.13891
EUR_USD,1640000496.0,1.13885,1.13893
EUR_USD,1640000497.0,1.13882,1.1389
EUR_USD,1640000498.0,1.13879,1.13887
EUR_USD,1640000499.0,1.13885,1.13893
EUR_USD,1640000500.0,1.13889,1.13897
EUR_USD,1640000501.0,1.13899,1.13907
EUR_USD,1640000502.0,1.13906,1.13914
EUR_USD,1640000503.0,1.13912,1.1392
EUR_USD,1640000504.0,1.13907,1.13915
EUR_USD,1640000505.0,1.13912,1.1392
EUR_USD,1640000506.0,1.13912,1.1392
EUR_USD,1640000507.0,1.13907,1.13915
EUR_USD,1640000508.0,1.13923,1.13931
EUR_USD,1640000509.0,1.13923,1.13931
EUR_USD,1640000510.0,1.13931,1.13939
EUR_USD,1640000511.0,1.13937,1.13945
EUR_USD,1640000512.0,1.13937,1.13945
EUR_USD,1640000513.0,1.13941,1.13949
EUR_USD,1640000514.0,1.13932,1.1394
EUR_USD,1640000515.0,1.1393,1.13938
EUR_USD,1640000516.0,1.13938,1.13946
EUR_USD,1640000517.0,1.13938,1.13946
EUR_USD,1640000518.0,1.13943,1.13951
EUR_USD,1640000519.0,1.13959,1.13967
EUR_USD,1640000520.0,1.13977,1.13985
EUR_USD,1640000521.0,1.13985,1.13993
EUR_USD,1640000522.0,1.14004,1.14012
EUR_USD,1640000523.0,1.13998,1.14006
EUR_USD,1640000524.0,1.13996,1.14004
EUR_USD,1640000525.0,1.1399,1.13998
EUR_USD,1640000526.0,1.13991,1.13999
EUR_USD,1640000527.0,1.13983,1.13991
EUR_USD,1640000528.0,1.13981,1.13989
EUR_USD,1640000529.0,1.13997,1.14005
EUR_USD,1640000530.0,1.14018,1.14026
EUR_USD,1640000531.0,1.14017,1.14025
EUR_USD,1640000532.0,1.1402,1.14028
EUR_USD,1640000533.0,1.14012,1.1402
EUR_USD,1640000534.0,1.14018,1.14026
EUR_USD,1640000535.0,1.14017,1.14025
EUR_USD,1640000536.0,1.14028,1.14036
EUR_USD,1640000537.0,1.14022,1.1403
EUR_USD,1640000538.0,1.14013,1.14021
EUR_USD,1640000539.0,1.14006,1.14014
EUR_USD,1640000540.0,1.13986,1.13994
EUR_USD,1640000541.0,1.13987,1.13995
EUR_USD,1640000542.0,1.13991,1.13999
EUR_USD,1640000543.0,1.13986,1.13994
EUR_USD,1640000544.0,1.13976,1.13984
EUR_USD,1640000545.0,1.13986,1.13994
EUR_USD,1640000546.0,1.13976,1.13984
EUR_USD,1640000547.0,1.13996,1.14004
EUR_USD,1640000548.0,1.13989,1.13997
EUR_USD,1640000549.0,1.14,1.14008
EUR_USD,1640000550.0,1.14005,1.14013
EUR_USD,1640000551.0,1.14003,1.14011
EUR_USD,1640000552.0,1.1401,1.14018
EUR_USD,1640000553.0,1.1401,1.14018
EUR_USD,1640000554.0,1.13995,1.14003
EUR_USD,1640000555.0,1.13985,1.13993
EUR_USD,1640000556.0,1.13983,1.13991
EUR_USD,1640000557.0,1.13977,1.13985
EUR_USD,1640000558.0,1.13989,1.13997
EUR_USD,1640000559.0,1.13987,1.13995
EUR_USD,1640000560.0,1.14,1.14008
EUR_USD,1640000561.0,1.14008,1.14016
EUR_USD,1640000562.0,1.1403,1.14038
EUR_USD,1640000563.0,1.14028,1.14036
EUR_USD,1640000564.0,1.14023,1.14031
EUR_USD,1640000565.0,1.14043,1.14051
EUR_USD,1640000566.0,1.14063,1.14071
EUR_USD,1640000567.0,1.14087,1.14095
EUR_USD,1640000568.0,1.14091,1.14099
EUR_USD,1640000569.0,1.141,1.14108
EUR_USD,1640000570.0,1.14103,1.14111
EUR_USD,1640000571.0,1.14093,1.14101
EUR_USD,1640000572.0,1.14096,1.14104
EUR_USD,1640000573.0,1.14106,1.14114
EUR_USD,1640000574.0,1.1411,1.14118
EUR_USD,1640000575.0,1.1411,1.14118
EUR_USD,1640000576.0,1.14123,1.14131
EUR_USD,1640000577.0,1.14133,1.14141
EUR_USD,1640000578.0,1.14153,1.14161
EUR_USD,1640000579.0,1.14167,1.14175
EUR_USD,1640000580.0,1.14182,1.1419
EUR_USD,1640000581.0,1.14189,1.14197
EUR_USD,1640000582.0,1.14186,1.14194
EUR_USD,1640000583.0,1.14179,1.14187
EUR_USD,1640000584.0,1.1419,1.14198
EUR_USD,1640000585.0,1.14188,1.14196
EUR_USD,1640000586.0,1.14205,1.14213
EUR_USD,1640000587.0,1.14191,1.14199
EUR_USD,1640000588.0,1.1419,1.14198
EUR_USD,1640000589.0,1.14188,1.14196
EUR_USD,1640000590.0,1.14195,1.14203
EUR_USD,1640000591.0,1.14204,1.14212
EUR_USD,1640000592.0,1.14206,1.14214
EUR_USD,1640000593.0,1.14207,1.14215
EUR_USD,1640000594.0,1.14208,1.14216
EUR_USD,1640000595.0,1.14212,1.1422
EUR_USD,1640000596.0,1.14224,1.14232
EUR_USD,1640000597.0,1.14226,1.14234
EUR_USD,1640000598.0,1.14231,1.14239
EUR_USD,1640000599.0,1.14252,1.1426
EUR_USD,1640000600.0,1.14263,1.14271
EUR_USD,1640000601.0,1.1427,1.14278
EUR_USD,1640000602.0,1.14279,1.14287
EUR_USD,1640000603.0,1.14297,1.14305
EUR_USD,1640000604.0,1.1431,1.14318
EUR_USD,1640000605.0,1.1433,1.14338
EUR_USD,1640000606.0,1.14339,1.14347
EUR_USD,1640000607.0,1.14349,1.14357
EUR_USD,1640000608.0,1.14376,1.14384
EUR_USD,1640000609.0,1.14384,1.14392
EUR_USD,1640000610.0,1.14396,1.14404
EUR_USD,1640000611.0,1.14408,1.14416
EUR_USD,1640000612.0,1.14424,1.14432
EUR_USD,1640000613.0,1.14433,1.14441
EUR_USD,1640000614.0,1.14443,1.14451
EUR_USD,1640000615.0,1.14458,1.14466
EUR_USD,1640000616.0,1.14471,1.14479
EUR_USD,1640000617.0,1.14495,1.14503
EUR_USD,1640000618.0,1.14504,1.14512
EUR_USD,1640000619.0,1.14517,1.14525
EUR_USD,1640000620.0,1.14536,1.14544
EUR_USD,1640000621.0,1.14549,1.14557
EUR_USD,1640000622.0,1.14561,1.14569
EUR_USD,1640000623.0,1.14572,1.1458
EUR_USD,1640000624.0,1.1458,1.14588
EUR_USD,1640000625.0,1.14592,1.146
EUR_USD,1640000626.0,1.14606,1.14614
EUR_USD,1640000627.0,1.1462,1.14628
EUR_USD,1640000628.0,1.14636,1.14644
EUR_USD,1640000629.0,1.14645,1.14653
EUR_USD,1640000630.0,1.14662,1.1467
EUR_USD,1640000631.0,1.14678,1.14686
EUR_USD,1640000632.0,1.147,1.14708
EUR_USD,1640000633.0,1.14719,1.14727
EUR_USD,1640000634.0,1.14728,1.14736
EUR_USD,1640000635.0,1.14741,1.14749
EUR_USD,1640000636.0,1.14761,1.14769
EUR_USD,1640000637.0,1.14777,1.14785
EUR_USD,1640000638.0,1.14789,1.14797
EUR_USD,1640000639.0,1.14802,1.1481
EUR_USD,1640000640.0,1.14819,1.14827
EUR_USD,1640000641.0,1.14837,1.14845
EUR_USD,1640000642.0,1.14846,1.14854
EUR_USD,1640000643.0,1.14868,1.14876
EUR_USD,1640000644.0,1.1488,1.14888
EUR_USD,1640000645.0,1.14891,1.14899
EUR_USD,1640000646.0,1.149,1.14908
EUR_USD,1640000647.0,1.14913,1.14921
EUR_USD,1640000648.0,1.1493,1.14938
EUR_USD,1640000649.0,1.14941,1.14949
EUR_USD,1640000650.0,1.1496,1.14968
EUR_USD,1640000651.0,1.14979,1.14987
EUR_USD,1640000652.0,1.14992,1.15
EUR_USD,1640000653.0,1.15003,1.15011
EUR_USD,1640000654.0,1.15013,1.15021
EUR_USD,1640000655.0,1.15026,1.15034
EUR_USD,1640000656.0,1.15042,1.1505
EUR_USD,1640000657.0,1.15056,1.15064
EUR_USD,1640000658.0,1.15063,1.15071
EUR_USD,1640000659.0,1.15077,1.15085
EUR_USD,1640000660.0,1.15093,1.15101
EUR_USD,1640000661.0,1.151,1.15108
EUR_USD,1640000662.0,1.15111,1.15119
EUR_USD,1640000663.0,1.15118,1.15126
EUR_USD,1640000664.0,1.15124,1.15132
EUR_USD,1640000665.0,1.1513,1.15138
EUR_USD,1640000666.0,1.15142,1.1515
EUR_USD,1640000667.0,1.15163,1.15171
EUR_USD,1640000668.0,1.15177,1.15185
EUR_USD,1640000669.0,1.15185,1.15193
EUR_USD,1640000670.0,1.15202,1.1521
EUR_USD,1640000671.0,1.15217,1.15225
EUR_USD,1640000672.0,1.15225,1.15233
EUR_USD,1640000673.0,1.15228,1.15236
EUR_USD,1640000674.0,1.15247,1.15255
EUR_USD,1640000675.0,1.1526,1.15268
EUR_USD,1640000676.0,1.15273,1.15281
EUR_USD,1640000677.0,1.15291,1.15299
EUR_USD,1640000678.0,1.15309,1.15317
EUR_USD,1640000679.0,1.15326,1.15334
EUR_USD,1640000680.0,1.15335,1.15343
EUR_USD,1640000681.0,1.15347,1.15355
EUR_USD,1640000682.0,1.15364,1.15372
EUR_USD,1640000683.0,1.1537,1.15378
EUR_USD,1640000684.0,1.15386,1.15394
EUR_USD,1640000685.0,1.15405,1.15413
EUR_USD,1640000686.0,1.15413,1.15421
EUR_USD,1640000687.0,1.1544,1.15448
EUR_USD,1640000688.0,1.15461,1.15469
EUR_USD,1640000689.0,1.15477,1.15485
EUR_USD,1640000690.0,1.15495,1.15503
EUR_USD,1640000691.0,1.15508,1.15516
EUR_USD,1640000692.0,1.15514,1.15522
EUR_USD,1640000693.0,1.15536,1.15544
EUR_USD,1640000694.0,1.15551,1.15559
EUR_USD,1640000695.0,1.15564,1.15572
EUR_USD,1640000696.0,1.15577,1.15585
EUR_USD,1640000697.0,1.1558,1.15588
EUR_USD,1640000698.0,1.15601,1.15609
EUR_USD,1640000699.0,1.15611,1.15619
EUR_USD,1640000700.0,1.15619,1.15627
EUR_USD,1640000701.0,1.15629,1.15637
EUR_USD,1640000702.0,1.15643,1.15651
EUR_USD,1640000703.0,1.15659,1.15667
EUR_USD,1640000704.0,1.15673,1.15681
EUR_USD,1640000705.0,1.15691,1.15699
EUR_USD,1640000706.0,1.15709,1.15717
EUR_USD,1640000707.0,1.1572,1.15728
EUR_USD,1640000708.0,1.15733,1.15741
EUR_USD,1640000709.0,1.15757,1.15765
EUR_USD,1640000710.0,1.15777,1.15785
EUR_USD,1640000711.0,1.1579,1.15798
EUR_USD,1640000712.0,1.15809,1.15817
EUR_USD,1640000713.0,1.15828,1.15836
EUR_USD,1640000714.0,1.15841,1.15849
EUR_USD,1640000715.0,1.15854,1.15862
EUR_USD,1640000716.0,1.15865,1.15873
EUR_USD,1640000717.0,1.15871,1.15879
EUR_USD,1640000718.0,1.15885,1.15893
EUR_USD,1640000719.0,1.15905,1.15913
EUR_USD,1640000720.0,1.15918,1.15926
EUR_USD,1640000721.0,1.15937,1.15945
EUR_USD,1640000722.0,1.15943,1.15951
EUR_USD,1640000723.0,1.15961,1.15969
EUR_USD,1640000724.0,1.15977,1.15985
EUR_USD,1640000725.0,1.15993,1.16001
EUR_USD,1640000726.0,1.16005,1.16013
EUR_USD,1640000727.0,1.16018,1.16026
EUR_USD,1640000728.0,1.1603,1.16038
EUR_USD,1640000729.0,1.16039,1.16047
EUR_USD,1640000730.0,1.16053,1.16061
EUR_USD,1640000731.0,1.1606,1.16068
EUR_USD,1640000732.0,1.16073,1.16081
EUR_USD,1640000733.0,1.16075,1.16083
EUR_USD,1640000734.0,1.16087,1.16095
EUR_USD,1640000735.0,1.161,1.16108
EUR_USD,1640000736.0,1.16113,1.16121
EUR_USD,1640000737.0,1.16128,1.16136
EUR_USD,1640000738.0,1.16144,1.16152
EUR_USD,1640000739.0,1.16163,1.16171
EUR_USD,1640000740.0,1.16173,1.16181
EUR_USD,1640000741.0,1.16187,1.16195
EUR_USD,1640000742.0,1.16204,1.16212
EUR_USD,1640000743.0,1.1622,1.16228
EUR_USD,1640000744.0,1.16242,1.1625
EUR_USD,1640000745.0,1.16256,1.16264
EUR_USD,1640000746.0,1.16267,1.16275
EUR_USD,1640000747.0,1.16282,1.1629
EUR_USD,1640000748.0,1.16292,1.163
EUR_USD,1640000749.0,1.16305,1.16313
EUR_USD,1640000750.0,1.16319,1.16327
EUR_USD,1640000751.0,1.16328,1.16336
EUR_USD,1640000752.0,1.16346,1.16354
EUR_USD,1640000753.0,1.16357,1.16365
EUR_USD,1640000754.0,1.16376,1.16384
EUR_USD,1640000755.0,1.16397,1.16405
EUR_USD,1640000756.0,1.1641,1.16418
EUR_USD,1640000757.0,1.16428,1.16436
EUR_USD,1640000758.0,1.1645,1.16458
EUR_USD,1640000759.0,1.16469,1.16477
EUR_USD,1640000760.0,1.16473,1.16481
EUR_USD,1640000761.0,1.16484,1.16492
EUR_USD,1640000762.0,1.16499,1.16507
EUR_USD,1640000763.0,1.16518,1.16526
EUR_USD,1640000764.0,1.16534,1.16542
EUR_USD,1640000765.0,1.16539,1.16547
EUR_USD,1640000766.0,1.1655,1.16558
EUR_USD,1640000767.0,1.16568,1.16576
EUR_USD,1640000768.0,1.16585,1.16593
EUR_USD,1640000769.0,1.166,1.16608
EUR_USD,1640000770.0,1.16626,1.16634
EUR_USD,1640000771.0,1.16644,1.16652
EUR_USD,1640000772.0,1.16658,1.16666
EUR_USD,1640000773.0,1.1667,1.16678
EUR_USD,1640000774.0,1.16682,1.1669
EUR_USD,1640000775.0,1.16695,1.16703
EUR_USD,1640000776.0,1.16704,1.16712
EUR_USD,1640000777.0,1.16721,1.16729
EUR_USD,1640000778.0,1.16737,1.16745
EUR_USD,1640000779.0,1.16747,1.16755
EUR_USD,1640000780.0,1.16764,1.16772
EUR_USD,1640000781.0,1.16776,1.16784
EUR_USD,1640000782.0,1.16786,1.16794
EUR_USD,1640000783.0,1.168,1.16808
EUR_USD,1640000784.0,1.16814,1.16822
EUR_USD,1640000785.0,1.16837,1.16845
EUR_USD,1640000786.0,1.16855,1.16863
EUR_USD,1640000787.0,1.16871,1.16879
EUR_USD,1640000788.0,1.16885,1.16893
EUR_USD,1640000789.0,1.16902,1.1691
EUR_USD,1640000790.0,1.16914,1.16922
EUR_USD,1640000791.0,1.16927,1.16935
EUR_USD,1640000792.0,1.16941,1.16949
EUR_USD,1640000793.0,1.16955,1.16963
EUR_USD,1640000794.0,1.16966,1.16974
EUR_USD,1640000795.0,1.16971,1.16979
EUR_USD,1640000796.0,1.16993,1.17001
EUR_USD,1640000797.0,1.17007,1.17015
EUR_USD,1640000798.0,1.17017,1.17025
EUR_USD,1640000799.0,1.17033,1.17041
EUR_USD,1640000800.0,1.1704,1.17048
EUR_USD,1640000801.0,1.17063,1.17071
EUR_USD,1640000802.0,1.17079,1.17087
EUR_USD,1640000803.0,1.17097,1.17105
EUR_USD,1640000804.0,1.17108,1.17116
EUR_USD,1640000805.0,1.1712,1.17128
EUR_USD,1640000806.0,1.17136,1.17144
EUR_USD,1640000807.0,1.17155,1.17163
EUR_USD,1640000808.0,1.17171,1.17179
EUR_USD,1640000809.0,1.17179,1.17187
EUR_USD,1640000810.0,1.17193,1.17201
EUR_USD,1640000811.0,1.17207,1.17215
EUR_USD,1640000812.0,1.17222,1.1723
EUR_USD,1640000813.0,1.17239,1.17247
EUR_USD,1640000814.0,1.1725,1.17258
EUR_USD,1640000815.0,1.1726,1.17268
EUR_USD,1640000816.0,1.17275,1.17283
EUR_USD,1640000817.0,1.17288,1.17296
EUR_USD,1640000818.0,1.17303,1.17311
EUR_USD,1640000819.0,1.17313,1.17321
EUR_USD,1640000820.0,1.17328,1.17336
EUR_USD,1640000821.0,1.17344,1.17352
EUR_USD,1640000822.0,1.17352,1.1736
EUR_USD,1640000823.0,1.17373,1.17381
EUR_USD,1640000824.0,1.1738,1.17388
EUR_USD,1640000825.0,1.17393,1.17401
EUR_USD,1640000826.0,1.17405,1.17413
EUR_USD,1640000827.0,1.1742,1.17428
EUR_USD,1640000828.0,1.17435,1.17443
EUR_USD,1640000829.0,1.17451,1.17459
EUR_USD,1640000830.0,1.17466,1.17474
EUR_USD,1640000831.0,1.17473,1.17481
EUR_USD,1640000832.0,1.17496,1.17504
EUR_USD,1640000833.0,1.17507,1.17515
EUR_USD,1640000834.0,1.17526,1.17534
EUR_USD,1640000835.0,1.17534,1.17542
EUR_USD,1640000836.0,1.17543,1.17551
EUR_USD,1640000837.0,1.17556,1.17564
EUR_USD,1640000838.0,1.1757,1.17578
EUR_USD,1640000839.0,1.17584,1.17592
EUR_USD,1640000840.0,1.17596,1.17604
EUR_USD,1640000841.0,1.17609,1.17617
EUR_USD,1640000842.0,1.17622,1.1763
EUR_USD,1640000843.0,1.17632,1.1764
EUR_USD,1640000844.0,1.17644,1.17652
EUR_USD,1640000845.0,1.17652,1.1766
EUR_USD,1640000846.0,1.17667,1.17675
EUR_USD,1640000847.0,1.1768,1.17688
EUR_USD,1640000848.0,1.17696,1.17704
EUR_USD,1640000849.0,1.17709,1.17717
EUR_USD,1640000850.0,1.17718,1.17726
EUR_USD,1640000851.0,1.1773,1.17738
EUR_USD,1640000852.0,1.17751,1.17759
EUR_USD,1640000853.0,1.17767,1.17775
EUR_USD,1640000854.0,1.17777,1.17785
EUR_USD,1640000855.0,1.17789,1.17797
EUR_USD,1640000856.0,1.178,1.17808
EUR_USD,1640000857.0,1.17816,1.17824
EUR_USD,1640000858.0,1.1783,1.17838
EUR_USD,1640000859.0,1.1784,1.17848
EUR_USD,1640000860.0,1.17849,1.17857
EUR_USD,1640000861.0,1.17862,1.1787
EUR_USD,1640000862.0,1.17869,1.17877
EUR_USD,1640000863.0,1.1788,1.17888
EUR_USD,1640000864.0,1.1789,1.17898
EUR_USD,1640000865.0,1.17898,1.17906
EUR_USD,1640000866.0,1.17913,1.17921
EUR_USD,1640000867.0,1.17927,1.17935
EUR_USD,1640000868.0,1.17938,1.17946
EUR_USD,1640000869.0,1.17955,1.17963
EUR_USD,1640000870.0,1.17971,1.17979
EUR_USD,1640000871.0,1.17981,1.17989
EUR_USD,1640000872.0,1.17993,1.18001
EUR_USD,1640000873.0,1.18002,1.1801
EUR_USD,1640000874.0,1.18016,1.18024
EUR_USD,1640000875.0,1.18029,1.18037
EUR_USD,1640000876.0,1.18044,1.18052
EUR_USD,1640000877.0,1.1805,1.18058
EUR_USD,1640000878.0,1.18053,1.18061
EUR_USD,1640000879.0,1.18071,1.18079
EUR_USD,1640000880.0,1.18091,1.18099
EUR_USD,1640000881.0,1.18113,1.18121
EUR_USD,1640000882.0,1.18128,1.18136
EUR_USD,1640000883.0,1.18138,1.18146
EUR_USD,1640000884.0,1.18151,1.18159
EUR_USD,1640000885.0,1.18167,1.18175
EUR_USD,1640000886.0,1.18177,1.18185
EUR_USD,1640000887.0,1.18191,1.18199
EUR_USD,1640000888.0,1.18205,1.18213
EUR_USD,1640000889.0,1.18218,1.18226
EUR_USD,1640000890.0,1.18239,1.18247
EUR_USD,1640000891.0,1.18252,1.1826
EUR_USD,1640000892.0,1.18261,1.18269
EUR_USD,1640000893.0,1.18273,1.18281
EUR_USD,1640000894.0,1.18286,1.18294
EUR_USD,1640000895.0,1.18302,1.1831
EUR_USD,1640000896.0,1.18327,1.18335
EUR_USD,1640000897.0,1.18338,1.18346
EUR_USD,1640000898.0,1.18355,1.18363
EUR_USD,1640000899.0,1.18372,1.1838
EUR_USD,1640000900.0,1.18386,1.18394
EUR_USD,1640000901.0,1.18398,1.18406
EUR_USD,1640000902.0,1.18416,1.18424
EUR_USD,1640000903.0,1.18431,1.18439
EUR_USD,1640000904.0,1.18439,1.18447
EUR_USD,1640000905.0,1.18457,1.18465
EUR_USD,1640000906.0,1.18477,1.18485
EUR_USD,1640000907.0,1.18496,1.18504
EUR_USD,1640000908.0,1.18516,1.18524
EUR_USD,1640000909.0,1.18528,1.18536
EUR_USD,1640000910.0,1.18533,1.18541
EUR_USD,1640000911.0,1.1854,1.18548
EUR_USD,1640000912.0,1.18551,1.18559
EUR_USD,1640000913.0,1.18565,1.18573
EUR_USD,1640000914.0,1.18579,1.18587
EUR_USD,1640000915.0,1.18598,1.18606
EUR_USD,1640000916.0,1.1861,1.18618
EUR_USD,1640000917.0,1.18626,1.18634
EUR_USD,1640000918.0,1.18635,1.18643
EUR_USD,1640000919.0,1.18649,1.18657
EUR_USD,1640000920.0,1.18671,1.18679
EUR_USD,1640000921.0,1.18684,1.18692
EUR_USD,1640000922.0,1.18699,1.18707
EUR_USD,1640000923.0,1.1871,1.18718
EUR_USD,1640000924.0,1.1872,1.18728
EUR_USD,1640000925.0,1.18734,1.18742
EUR_USD,1640000926.0,1.18742,1.1875
EUR_USD,1640000927.0,1.18751,1.18759
EUR_USD,1640000928.0,1.1876,1.18768
EUR_USD,1640000929.0,1.18782,1.1879
EUR_USD,1640000930.0,1.18797,1.18805
EUR_USD,1640000931.0,1.18819,1.18827
EUR_USD,1640000932.0,1.18836,1.18844
EUR_USD,1640000933.0,1.18861,1.18869
EUR_USD,1640000934.0,1.18879,1.18887
EUR_USD,1640000935.0,1.18888,1.18896
EUR_USD,1640000936.0,1.18906,1.18914
EUR_USD,1640000937.0,1.18918,1.18926
EUR_USD,1640000938.0,1.18937,1.18945
EUR_USD,1640000939.0,1.18946,1.18954
EUR_USD,1640000940.0,1.18958,1.18966
EUR_USD,1640000941.0,1.18972,1.1898
EUR_USD,1640000942.0,1.18991,1.18999
EUR_USD,1640000943.0,1.19006,1.19014
EUR_USD,1640000944.0,1.19025,1.19033
EUR_USD,1640000945.0,1.19036,1.19044
EUR_USD,1640000946.0,1.1905,1.19058
EUR_USD,1640000947.0,1.19059,1.19067
EUR_USD,1640000948.0,1.1907,1.19078
EUR_USD,1640000949.0,1.1909,1.19098
EUR_USD,1640000950.0,1.19103,1.19111
EUR_USD,1640000951.0,1.19121,1.19129
EUR_USD,1640000952.0,1.19132,1.1914
EUR_USD,1640000953.0,1.19142,1.1915
EUR_USD,1640000954.0,1.19156,1.19164
EUR_USD,1640000955.0,1.19172,1.1918
EUR_USD,1640000956.0,1.19181,1.19189
EUR_USD,1640000957.0,1.19193,1.19201
EUR_USD,1640000958.0,1.1921,1.19218
EUR_USD,1640000959.0,1.19225,1.19233
EUR_USD,1640000960.0,1.19233,1.19241
EUR_USD,1640000961.0,1.19246,1.19254
EUR_USD,1640000962.0,1.19257,1.19265
EUR_USD,1640000963.0,1.19269,1.19277
EUR_USD,1640000964.0,1.19273,1.19281
EUR_USD,1640000965.0,1.19279,1.19287
EUR_USD,1640000966.0,1.19297,1.19305
EUR_USD,1640000967.0,1.19309,1.19317
EUR_USD,1640000968.0,1.19326,1.19334
EUR_USD,1640000969.0,1.19339,1.19347
EUR_USD,1640000970.0,1.19356,1.19364
EUR_USD,1640000971.0,1.19366,1.19374
EUR_USD,1640000972.0,1.19379,1.19387
EUR_USD,1640000973.0,1.19391,1.19399
EUR_USD,1640000974.0,1.19408,1.19416
EUR_USD,1640000975.0,1.19429,1.19437
EUR_USD,1640000976.0,1.19449,1.19457
EUR_USD,1640000977.0,1.19471,1.19479
EUR_USD,1640000978.0,1.19481,1.19489
EUR_USD,1640000979.0,1.19498,1.19506
EUR_USD,1640000980.0,1.1951,1.19518
EUR_USD,1640000981.0,1.19521,1.19529
EUR_USD,1640000982.0,1.19532,1.1954
EUR_USD,1640000983.0,1.19547,1.19555
EUR_USD,1640000984.0,1.19568,1.19576
EUR_USD,1640000985.0,1.19583,1.19591
EUR_USD,1640000986.0,1.19601,1.19609
EUR_USD,1640000987.0,1.19612,1.1962
EUR_USD,1640000988.0,1.19627,1.19635
EUR_USD,1640000989.0,1.19638,1.19646
EUR_USD,1640000990.0,1.19652,1.1966
EUR_USD,1640000991.0,1.19658,1.19666
EUR_USD,1640000992.0,1.19661,1.19669
EUR_USD,1640000993.0,1.19681,1.19689
EUR_USD,1640000994.0,1.19687,1.19695
EUR_USD,1640000995.0,1.19707,1.19715
EUR_USD,1640000996.0,1.19739,1.19747
EUR_USD,1640000997.0,1.19754,1.19762
EUR_USD,1640000998.0,1.19765,1.19773
EUR_USD,1640000999.0,1.19776,1.19784
EUR_USD,1640001000.0,1.19794,1.19802
EUR_USD,1640001001.0,1.19793,1.19801
EUR_USD,1640001002.0,1.19807,1.19815
EUR_USD,1640001003.0,1.19818,1.19826
EUR_USD,1640001004.0,1.19836,1.19844
EUR_USD,1640001005.0,1.19858,1.19866
EUR_USD,1640001006.0,1.19872,1.1988
EUR_USD,1640001007.0,1.1988,1.19888
EUR_USD,1640001008.0,1.19898,1.19906
EUR_USD,1640001009.0,1.19916,1.19924
EUR_USD,1640001010.0,1.19933,1.19941
EUR_USD,1640001011.0,1.19946,1.19954
EUR_USD,1640001012.0,1.19963,1.19971
EUR_USD,1640001013.0,1.19973,1.19981
EUR_USD,1640001014.0,1.19983,1.19991
EUR_USD,1640001015.0,1.19993,1.20001
EUR_USD,1640001016.0,1.20007,1.20015
EUR_USD,1640001017.0,1.20025,1.20033
EUR_USD,1640001018.0,1.20038,1.20046
EUR_USD,1640001019.0,1.20051,1.20059
EUR_USD,1640001020.0,1.20067,1.20075
EUR_USD,1640001021.0,1.20087,1.20095
EUR_USD,1640001022.0,1.20103,1.20111
EUR_USD,1640001023.0,1.20116,1.20124
EUR_USD,1640001024.0,1.20125,1.20133
EUR_USD,1640001025.0,1.20136,1.20144
EUR_USD,1640001026.0,1.20148,1.20156
EUR_USD,1640001027.0,1.20159,1.20167
EUR_USD,1640001028.0,1.20183,1.20191
EUR_USD,1640001029.0,1.20198,1.20206
EUR_USD,1640001030.0,1.20207,1.20215
EUR_USD,1640001031.0,1.2023,1.20238
EUR_USD,1640001032.0,1.20254,1.20262
EUR_USD,1640001033.0,1.20271,1.20279
EUR_USD,1640001034.0,1.20284,1.20292
EUR_USD,1640001035.0,1.20304,1.20312
EUR_USD,1640001036.0,1.20317,1.20325
EUR_USD,1640001037.0,1.20337,1.20345
EUR_USD,1640001038.0,1.20357,1.20365
EUR_USD,1640001039.0,1.20366,1.20374
EUR_USD,1640001040.0,1.20382,1.2039
EUR_USD,1640001041.0,1.20391,1.20399
EUR_USD,1640001042.0,1.20399,1.20407
EUR_USD,1640001043.0,1.20412,1.2042
EUR_USD,1640001044.0,1.20416,1.20424
EUR_USD,1640001045.0,1.20437,1.20445
EUR_USD,1640001046.0,1.2045,1.20458
EUR_USD,1640001047.0,1.20465,1.20473
EUR_USD,1640001048.0,1.20478,1.20486
EUR_USD,1640001049.0,1.20501,1.20509
EUR_USD,1640001050.0,1.20511,1.20519
EUR_USD,1640001051.0,1.20518,1.20526
EUR_USD,1640001052.0,1.20533,1.20541
EUR_USD,1640001053.0,1.20546,1.20554
EUR_USD,1640001054.0,1.20558,1.20566
EUR_USD,1640001055.0,1.20577,1.20585
EUR_USD,1640001056.0,1.20594,1.20602
EUR_USD,1640001057.0,1.20609,1.20617
EUR_USD,1640001058.0,1.20623,1.20631
EUR_USD,1640001059.0,1.20633,1.20641
EUR_USD,1640001060.0,1.20642,1.2065
EUR_USD,1640001061.0,1.20656,1.20664
EUR_USD,1640001062.0,1.20671,1.20679
EUR_USD,1640001063.0,1.20682,1.2069
EUR_USD,1640001064.0,1.20695,1.20703
EUR_USD,1640001065.0,1.20719,1.20727
EUR_USD,1640001066.0,1.20735,1.20743
EUR_USD,1640001067.0,1.20752,1.2076
EUR_USD,1640001068.0,1.20767,1.20775
EUR_USD,1640001069.0,1.20781,1.20789
EUR_USD,1640001070.0,1.20796,1.20804
EUR_USD,1640001071.0,1.2081,1.20818
EUR_USD,1640001072.0,1.20827,1.20835
EUR_USD,1640001073.0,1.20838,1.20846
EUR_USD,1640001074.0,1.20849,1.20857
EUR_USD,1640001075.0,1.20864,1.20872
EUR_USD,1640001076.0,1.20879,1.20887
EUR_USD,1640001077.0,1.20897,1.20905
EUR_USD,1640001078.0,1.20916,1.20924
EUR_USD,1640001079.0,1.20926,1.20934
EUR_USD,1640001080.0,1.20938,1.20946
EUR_USD,1640001081.0,1.20956,1.20964
EUR_USD,1640001082.0,1.20966,1.20974
EUR_USD,1640001083.0,1.2098,1.20988
EUR_USD,1640001084.0,1.21002,1.2101
EUR_USD,1640001085.0,1.21011,1.21019
EUR_USD,1640001086.0,1.21021,1.21029
EUR_USD,1640001087.0,1.21036,1.21044
EUR_USD,1640001088.0,1.21048,1.21056
EUR_USD,1640001089.0,1.21064,1.21072
EUR_USD,1640001090.0,1.21085,1.21093
EUR_USD,1640001091.0,1.21102,1.2111
EUR_USD,1640001092.0,1.21116,1.21124
EUR_USD,1640001093.0,1.21121,1.21129
EUR_USD,1640001094.0,1.21131,1.21139
EUR_USD,1640001095.0,1.21156,1.21164
EUR_USD,1640001096.0,1.21171,1.21179
EUR_USD,1640001097.0,1.21181,1.21189
EUR_USD,1640001098.0,1.21195,1.21203
EUR_USD,1640001099.0,1.21204,1.21212
EUR_USD,1640001100.0,1.21212,1.2122
EUR_USD,1640001101.0,1.21232,1.2124
EUR_USD,1640001102.0,1.21247,1.21255
EUR_USD,1640001103.0,1.21266,1.21274
EUR_USD,1640001104.0,1.21285,1.21293
EUR_USD,1640001105.0,1.21299,1.21307
EUR_USD,1640001106.0,1.21318,1.21326
EUR_USD,1640001107.0,1.21328,1.21336
EUR_USD,1640001108.0,1.21352,1.2136
EUR_USD,1640001109.0,1.21361,1.21369
EUR_USD,1640001110.0,1.21371,1.21379
EUR_USD,1640001111.0,1.21387,1.21395
EUR_USD,1640001112.0,1.21401,1.21409
EUR_USD,1640001113.0,1.21421,1.21429
EUR_USD,1640001114.0,1.21437,1.21445
EUR_USD,1640001115.0,1.21457,1.21465
EUR_USD,1640001116.0,1.2148,1.21488
EUR_USD,1640001117.0,1.21493,1.21501
EUR_USD,1640001118.0,1.21509,1.21517
EUR_USD,1640001119.0,1.21514,1.21522
EUR_USD,1640001120.0,1.21518,1.21526
EUR_USD,1640001121.0,1.21529,1.21537
EUR_USD,1640001122.0,1.21547,1.21555
EUR_USD,1640001123.0,1.21574,1.21582
EUR_USD,1640001124.0,1.21596,1.21604
EUR_USD,1640001125.0,1.21607,1.21615
EUR_USD,1640001126.0,1.21621,1.21629
EUR_USD,1640001127.0,1.21645,1.21653
EUR_USD,1640001128.0,1.21658,1.21666
EUR_USD,1640001129.0,1.21676,1.21684
EUR_USD,1640001130.0,1.21692,1.217
EUR_USD,1640001131.0,1.21707,1.21715
EUR_USD,1640001132.0,1.2173,1.21738
EUR_USD,1640001133.0,1.21749,1.21757
EUR_USD,1640001134.0,1.21768,1.21776
EUR_USD,1640001135.0,1.21784,1.21792
EUR_USD,1640001136.0,1.218,1.21808
EUR_USD,1640001137.0,1.21814,1.21822
EUR_USD,1640001138.0,1.21818,1.21826
EUR_USD,1640001139.0,1.21832,1.2184
EUR_USD,1640001140.0,1.21846,1.21854
EUR_USD,1640001141.0,1.21862,1.2187
EUR_USD,1640001142.0,1.21882,1.2189
EUR_USD,1640001143.0,1.21888,1.21896
EUR_USD,1640001144.0,1.21898,1.21906
EUR_USD,1640001145.0,1.21901,1.21909
EUR_USD,1640001146.0,1.21916,1.21924
EUR_USD,1640001147.0,1.21937,1.21945
EUR_USD,1640001148.0,1.21947,1.21955
EUR_USD,1640001149.0,1.21967,1.21975
EUR_USD,1640001150.0,1.21985,1.21993
EUR_USD,1640001151.0,1.21997,1.22005
EUR_USD,1640001152.0,1.22004,1.22012
EUR_USD,1640001153.0,1.2202,1.22028
EUR_USD,1640001154.0,1.22038,1.22046
EUR_USD,1640001155.0,1.22065,1.22073
EUR_USD,1640001156.0,1.22076,1.22084
EUR_USD,1640001157.0,1.22085,1.22093
EUR_USD,1640001158.0,1.22101,1.22109
EUR_USD,1640001159.0,1.2212,1.22128
EUR_USD,1640001160.0,1.22131,1.22139
EUR_USD,1640001161.0,1.2215,1.22158
EUR_USD,1640001162.0,1.2217,1.22178
EUR_USD,1640001163.0,1.22183,1.22191
EUR_USD,1640001164.0,1.22196,1.22204
EUR_USD,1640001165.0,1.2221,1.22218
EUR_USD,1640001166.0,1.2222,1.22228
EUR_USD,1640001167.0,1.22237,1.22245
EUR_USD,1640001168.0,1.22261,1.22269
EUR_USD,1640001169.0,1.22278,1.22286
EUR_USD,1640001170.0,1.2229,1.22298
EUR_USD,1640001171.0,1.22306,1.22314
EUR_USD,1640001172.0,1.22318,1.22326
EUR_USD,1640001173.0,1.22336,1.22344
EUR_USD,1640001174.0,1.22355,1.22363
EUR_USD,1640001175.0,1.22371,1.22379
EUR_USD,1640001176.0,1.22379,1.22387
EUR_USD,1640001177.0,1.22391,1.22399
EUR_USD,1640001178.0,1.22405,1.22413
EUR_USD,1640001179.0,1.22419,1.22427
EUR_USD,1640001180.0,1.22431,1.22439
EUR_USD,1640001181.0,1.22442,1.2245
EUR_USD,1640001182.0,1.22455,1.22463
EUR_USD,1640001183.0,1.22478,1.22486
EUR_USD,1640001184.0,1.22487,1.22495
EUR_USD,1640001185.0,1.22506,1.22514
EUR_USD,1640001186.0,1.2251,1.22518
EUR_USD,1640001187.0,1.22526,1.22534
EUR_USD,1640001188.0,1.22539,1.22547
EUR_USD,1640001189.0,1.22553,1.22561
EUR_USD,1640001190.0,1.22569,1.22577
EUR_USD,1640001191.0,1.22584,1.22592
EUR_USD,1640001192.0,1.22602,1.2261
EUR_USD,1640001193.0,1.2262,1.22628
EUR_USD,1640001194.0,1.22643,1.22651
EUR_USD,1640001195.0,1.22654,1.22662
EUR_USD,1640001196.0,1.22676,1.22684
EUR_USD,1640001197.0,1.22687,1.22695
EUR_USD,1640001198.0,1.22711,1.22719
EUR_USD,1640001199.0,1.22729,1.22737
EUR_USD,1640001200.0,1.22733,1.22741
EUR_USD,1640001201.0,1.22755,1.22763
EUR_USD,1640001202.0,1.22769,1.22777
EUR_USD,1640001203.0,1.22742,1.2275
EUR_USD,1640001204.0,1.22754,1.22762
EUR_USD,1640001205.0,1.2273,1.22738
EUR_USD,1640001206.0,1.22764,1.22772
EUR_USD,1640001207.0,1.22796,1.22804
EUR_USD,1640001208.0,1.22806,1.22814
EUR_USD,1640001209.0,1.22886,1.22894
EUR_USD,1640001210.0,1.22937,1.22945
EUR_USD,1640001211.0,1.22937,1.22945
EUR_USD,1640001212.0,1.22974,1.22982
EUR_USD,1640001213.0,1.23013,1.23021
EUR_USD,1640001214.0,1.22996,1.23004
EUR_USD,1640001215.0,1.23023,1.23031
EUR_USD,1640001216.0,1.23009,1.23017
EUR_USD,1640001217.0,1.23039,1.23047
EUR_USD,1640001218.0,1.23049,1.23057
EUR_USD,1640001219.0,1.23099,1.23107
EUR_USD,1640001220.0,1.23139,1.23147
EUR_USD,1640001221.0,1.23168,1.23176
EUR_USD,1640001222.0,1.23173,1.23181
EUR_USD,1640001223.0,1.23188,1.23196
EUR_USD,1640001224.0,1.23205,1.23213
EUR_USD,1640001225.0,1.2321,1.23218
EUR_USD,1640001226.0,1.23183,1.23191
EUR_USD,1640001227.0,1.23207,1.23215
EUR_USD,1640001228.0,1.2319,1.23198
EUR_USD,1640001229.0,1.2322,1.23228
EUR_USD,1640001230.0,1.23235,1.23243
EUR_USD,1640001231.0,1.23221,1.23229
EUR_USD,1640001232.0,1.23239,1.23247
EUR_USD,1640001233.0,1.23216,1.23224
EUR_USD,1640001234.0,1.23256,1.23264
EUR_USD,1640001235.0,1.23292,1.233
EUR_USD,1640001236.0,1.23302,1.2331
EUR_USD,1640001237.0,1.23299,1.23307
EUR_USD,1640001238.0,1.2334,1.23348
EUR_USD,1640001239.0,1.23369,1.23377
EUR_USD,1640001240.0,1.23349,1.23357
EUR_USD,1640001241.0,1.23371,1.23379
EUR_USD,1640001242.0,1.23388,1.23396
EUR_USD,1640001243.0,1.2337,1.23378
EUR_USD,1640001244.0,1.2339,1.23398
EUR_USD,1640001245.0,1.23368,1.23376
EUR_USD,1640001246.0,1.23403,1.23411
EUR_USD,1640001247.0,1.23365,1.23373
EUR_USD,1640001248.0,1.2339,1.23398
EUR_USD,1640001249.0,1.23318,1.23326
EUR_USD,1640001250.0,1.23314,1.23322
EUR_USD,1640001251.0,1.23347,1.23355
EUR_USD,1640001252.0,1.23355,1.23363
EUR_USD,1640001253.0,1.23339,1.23347
EUR_USD,1640001254.0,1.23331,1.23339
EUR_USD,1640001255.0,1.23366,1.23374
EUR_USD,1640001256.0,1.23403,1.23411
EUR_USD,1640001257.0,1.23415,1.23423
EUR_USD,1640001258.0,1.23471,1.23479
EUR_USD,1640001259.0,1.23504,1.23512
EUR_USD,1640001260.0,1.23528,1.23536
EUR_USD,1640001261.0,1.23554,1.23562
EUR_USD,1640001262.0,1.23578,1.23586
EUR_USD,1640001263.0,1.23593,1.23601
EUR_USD,1640001264.0,1.23636,1.23644
EUR_USD,1640001265.0,1.23613,1.23621
EUR_USD,1640001266.0,1.2362,1.23628
EUR_USD,1640001267.0,1.23618,1.23626
EUR_USD,1640001268.0,1.23639,1.23647
EUR_USD,1640001269.0,1.2367,1.23678
EUR_USD,1640001270.0,1.23648,1.23656
EUR_USD,1640001271.0,1.23699,1.23707
EUR_USD,1640001272.0,1.23662,1.2367
EUR_USD,1640001273.0,1.23687,1.23695
EUR_USD,1640001274.0,1.23682,1.2369
EUR_USD,1640001275.0,1.2368,1.23688
EUR_USD,1640001276.0,1.23719,1.23727
EUR_USD,1640001277.0,1.23749,1.23757
EUR_USD,1640001278.0,1.23733,1.23741
EUR_USD,1640001279.0,1.23763,1.23771
EUR_USD,1640001280.0,1.23753,1.23761
EUR_USD,1640001281.0,1.23737,1.23745
EUR_USD,1640001282.0,1.2378,1.23788
EUR_USD,1640001283.0,1.23791,1.23799
EUR_USD,1640001284.0,1.23865,1.23873
EUR_USD,1640001285.0,1.23874,1.23882
EUR_USD,1640001286.0,1.23889,1.23897
EUR_USD,1640001287.0,1.23897,1.23905
EUR_USD,1640001288.0,1.23896,1.23904
EUR_USD,1640001289.0,1.23871,1.23879
EUR_USD,1640001290.0,1.23869,1.23877
EUR_USD,1640001291.0,1.23871,1.23879
EUR_USD,1640001292.0,1.23841,1.23849
EUR_USD,1640001293.0,1.23863,1.23871
EUR_USD,1640001294.0,1.2389,1.23898
EUR_USD,1640001295.0,1.23893,1.23901
EUR_USD,1640001296.0,1.23949,1.23957
EUR_USD,1640001297.0,1.23972,1.2398
EUR_USD,1640001298.0,1.24008,1.24016
EUR_USD,1640001299.0,1.2401,1.24018
EUR_USD,1640001300.0,1.24024,1.24032
EUR_USD,1640001301.0,1.24018,1.24026
EUR_USD,1640001302.0,1.24052,1.2406
EUR_USD,1640001303.0,1.2407,1.24078
EUR_USD,1640001304.0,1.24097,1.24105
EUR_USD,1640001305.0,1.24092,1.241
EUR_USD,1640001306.0,1.24129,1.24137
EUR_USD,1640001307.0,1.24141,1.24149
EUR_USD,1640001308.0,1.24185,1.24193
EUR_USD,1640001309.0,1.24163,1.24171
EUR_USD,1640001310.0,1.24173,1.24181
EUR_USD,1640001311.0,1.24191,1.24199
EUR_USD,1640001312.0,1.24191,1.24199
EUR_USD,1640001313.0,1.24235,1.24243
EUR_USD,1640001314.0,1.24257,1.24265
EUR_USD,1640001315.0,1.24241,1.24249
EUR_USD,1640001316.0,1.24256,1.24264
EUR_USD,1640001317.0,1.24309,1.24317
EUR_USD,1640001318.0,1.24322,1.2433
EUR_USD,1640001319.0,1.24365,1.24373
EUR_USD,1640001320.0,1.24373,1.24381
EUR_USD,1640001321.0,1.24394,1.24402
EUR_USD,1640001322.0,1.24422,1.2443
EUR_USD,1640001323.0,1.24458,1.24466
EUR_USD,1640001324.0,1.24476,1.24484
EUR_USD,1640001325.0,1.24502,1.2451
EUR_USD,1640001326.0,1.2451,1.24518
EUR_USD,1640001327.0,1.24538,1.24546
EUR_USD,1640001328.0,1.24536,1.24544
EUR_USD,1640001329.0,1.24531,1.24539
EUR_USD,1640001330.0,1.24559,1.24567
EUR_USD,1640001331.0,1.24658,1.24666
EUR_USD,1640001332.0,1.24696,1.24704
EUR_USD,1640001333.0,1.24682,1.2469
EUR_USD,1640001334.0,1.24732,1.2474
EUR_USD,1640001335.0,1.24771,1.24779
EUR_USD,1640001336.0,1.24773,1.24781
EUR_USD,1640001337.0,1.24757,1.24765
EUR_USD,1640001338.0,1.24788,1.24796
EUR_USD,1640001339.0,1.24791,1.24799
EUR_USD,1640001340.0,1.2476,1.24768
EUR_USD,1640001341.0,1.24797,1.24805
EUR_USD,1640001342.0,1.24803,1.24811
EUR_USD,1640001343.0,1.24853,1.24861
EUR_USD,1640001344.0,1.24835,1.24843
EUR_USD,1640001345.0,1.24855,1.24863
EUR_USD,1640001346.0,1.24919,1.24927
EUR_USD,1640001347.0,1.24939,1.24947
EUR_USD,1640001348.0,1.24931,1.24939
EUR_USD,1640001349.0,1.24924,1.24932
EUR_USD,1640001350.0,1.24898,1.24906
EUR_USD,1640001351.0,1.24873,1.24881
EUR_USD,1640001352.0,1.24859,1.24867
EUR_USD,1640001353.0,1.24853,1.24861
EUR_USD,1640001354.0,1.24853,1.24861
EUR_USD,1640001355.0,1.24917,1.24925
EUR_USD,1640001356.0,1.24903,1.24911
EUR_USD,1640001357.0,1.24961,1.24969
EUR_USD,1640001358.0,1.24952,1.2496
EUR_USD,1640001359.0,1.24958,1.24966
EUR_USD,1640001360.0,1.24989,1.24997
EUR_USD,1640001361.0,1.25078,1.25086
EUR_USD,1640001362.0,1.25136,1.25144
EUR_USD,1640001363.0,1.25176,1.25184
EUR_USD,1640001364.0,1.25191,1.25199
EUR_USD,1640001365.0,1.25218,1.25226
EUR_USD,1640001366.0,1.25184,1.25192
EUR_USD,1640001367.0,1.25212,1.2522
EUR_USD,1640001368.0,1.25228,1.25236
EUR_USD,1640001369.0,1.25202,1.2521
EUR_USD,1640001370.0,1.25208,1.25216
EUR_USD,1640001371.0,1.25232,1.2524
EUR_USD,1640001372.0,1.25181,1.25189
EUR_USD,1640001373.0,1.25203,1.25211
EUR_USD,1640001374.0,1.25218,1.25226
EUR_USD,1640001375.0,1.25229,1.25237
EUR_USD,1640001376.0,1.25206,1.25214
EUR_USD,1640001377.0,1.25182,1.2519
EUR_USD,1640001378.0,1.25208,1.25216
EUR_USD,1640001379.0,1.25294,1.25302
EUR_USD,1640001380.0,1.25302,1.2531
EUR_USD,1640001381.0,1.25358,1.25366
EUR_USD,1640001382.0,1.25366,1.25374
EUR_USD,1640001383.0,1.25393,1.25401
EUR_USD,1640001384.0,1.25449,1.25457
EUR_USD,1640001385.0,1.25517,1.25525
EUR_USD,1640001386.0,1.25497,1.25505
EUR_USD,1640001387.0,1.25489,1.25497
EUR_USD,1640001388.0,1.25506,1.25514
EUR_USD,1640001389.0,1.2551,1.25518
EUR_USD,1640001390.0,1.25521,1.25529
EUR_USD,1640001391.0,1.25549,1.25557
EUR_USD,1640001392.0,1.25545,1.25553
EUR_USD,1640001393.0,1.25557,1.25565
EUR_USD,1640001394.0,1.25571,1.25579
EUR_USD,1640001395.0,1.25571,1.25579
EUR_USD,1640001396.0,1.25587,1.25595
EUR_USD,1640001397.0,1.25618,1.25626
EUR_USD,1640001398.0,1.25622,1.2563
EUR_USD,1640001399.0,1.25702,1.2571
EUR_USD,1640001400.0,1.25675,1.25683
EUR_USD,1640001401.0,1.25703,1.25711
EUR_USD,1640001402.0,1.25727,1.25735
EUR_USD,1640001403.0,1.25705,1.25713
EUR_USD,1640001404.0,1.2571,1.25718
EUR_USD,1640001405.0,1.25716,1.25724
EUR_USD,1640001406.0,1.25804,1.25812
EUR_USD,1640001407.0,1.25813,1.25821
EUR_USD,1640001408.0,1.25848,1.25856
EUR_USD,1640001409.0,1.25837,1.25845
EUR_USD,1640001410.0,1.25845,1.25853
EUR_USD,1640001411.0,1.25873,1.25881
EUR_USD,1640001412.0,1.25904,1.25912
EUR_USD,1640001413.0,1.25918,1.25926
EUR_USD,1640001414.0,1.25936,1.25944
EUR_USD,1640001415.0,1.25909,1.25917
EUR_USD,1640001416.0,1.25913,1.25921
EUR_USD,1640001417.0,1.25974,1.25982
EUR_USD,1640001418.0,1.2601,1.26018
EUR_USD,1640001419.0,1.26038,1.26046
EUR_USD,1640001420.0,1.26075,1.26083
EUR_USD,1640001421.0,1.26108,1.26116
EUR_USD,1640001422.0,1.26127,1.26135
EUR_USD,1640001423.0,1.26155,1.26163
EUR_USD,1640001424.0,1.26221,1.26229
EUR_USD,1640001425.0,1.2626,1.26268
EUR_USD,1640001426.0,1.26237,1.26245
EUR_USD,1640001427.0,1.26279,1.26287
EUR_USD,1640001428.0,1.263,1.26308
EUR_USD,1640001429.0,1.26311,1.26319
EUR_USD,1640001430.0,1.26346,1.26354
EUR_USD,1640001431.0,1.26374,1.26382
EUR_USD,1640001432.0,1.26359,1.26367
EUR_USD,1640001433.0,1.26387,1.26395
EUR_USD,1640001434.0,1.26445,1.26453
EUR_USD,1640001435.0,1.26468,1.26476
EUR_USD,1640001436.0,1.26504,1.26512
EUR_USD,1640001437.0,1.26513,1.26521
EUR_USD,1640001438.0,1.26558,1.26566
EUR_USD,1640001439.0,1.26617,1.26625
EUR_USD,1640001440.0,1.26633,1.26641
EUR_USD,1640001441.0,1.26666,1.26674
EUR_USD,1640001442.0,1.26677,1.26685
EUR_USD,1640001443.0,1.26689,1.26697
EUR_USD,1640001444.0,1.26702,1.2671
EUR_USD,1640001445.0,1.26709,1.26717
EUR_USD,1640001446.0,1.26763,1.26771
EUR_USD,1640001447.0,1.26819,1.26827
EUR_USD,1640001448.0,1.26804,1.26812
EUR_USD,1640001449.0,1.26862,1.2687
EUR_USD,1640001450.0,1.26913,1.26921
EUR_USD,1640001451.0,1.2692,1.26928
EUR_USD,1640001452.0,1.26862,1.2687
EUR_USD,1640001453.0,1.26898,1.26906
EUR_USD,1640001454.0,1.2688,1.26888
EUR_USD,1640001455.0,1.26896,1.26904
EUR_USD,1640001456.0,1.26931,1.26939
EUR_USD,1640001457.0,1.26926,1.26934
EUR_USD,1640001458.0,1.26939,1.26947
EUR_USD,1640001459.0,1.26963,1.26971
EUR_USD,1640001460.0,1.26949,1.26957
EUR_USD,1640001461.0,1.26967,1.26975
EUR_USD,1640001462.0,1.27037,1.27045
EUR_USD,1640001463.0,1.27039,1.27047
EUR_USD,1640001464.0,1.27027,1.27035
EUR_USD,1640001465.0,1.27056,1.27064
EUR_USD,1640001466.0,1.27068,1.27076
EUR_USD,1640001467.0,1.27059,1.27067
EUR_USD,1640001468.0,1.27054,1.27062
EUR_USD,1640001469.0,1.27084,1.27092
EUR_USD,1640001470.0,1.27115,1.27123
EUR_USD,1640001471.0,1.27093,1.27101
EUR_USD,1640001472.0,1.27138,1.27146
EUR_USD,1640001473.0,1.27165,1.27173
EUR_USD,1640001474.0,1.27165,1.27173
EUR_USD,1640001475.0,1.27144,1.27152
EUR_USD,1640001476.0,1.2713,1.27138
EUR_USD,1640001477.0,1.27148,1.27156
EUR_USD,1640001478.0,1.27164,1.27172
EUR_USD,1640001479.0,1.27204,1.27212
EUR_USD,1640001480.0,1.27183,1.27191
EUR_USD,1640001481.0,1.27198,1.27206
EUR_USD,1640001482.0,1.27225,1.27233
EUR_USD,1640001483.0,1.27247,1.27255
EUR_USD,1640001484.0,1.27234,1.27242
EUR_USD,1640001485.0,1.27259,1.27267
EUR_USD,1640001486.0,1.27292,1.273
EUR_USD,1640001487.0,1.27355,1.27363
EUR_USD,1640001488.0,1.2738,1.27388
EUR_USD,1640001489.0,1.27406,1.27414
EUR_USD,1640001490.0,1.27415,1.27423
EUR_USD,1640001491.0,1.27404,1.27412
EUR_USD,1640001492.0,1.27411,1.27419
EUR_USD,1640001493.0,1.27444,1.27452
EUR_USD,1640001494.0,1.27467,1.27475
EUR_USD,1640001495.0,1.27451,1.27459
EUR_USD,1640001496.0,1.27472,1.2748
EUR_USD,1640001497.0,1.27491,1.27499
EUR_USD,1640001498.0,1.27536,1.27544
EUR_USD,1640001499.0,1.27622,1.2763
EUR_USD,1640001500.0,1.27628,1.27636
EUR_USD,1640001501.0,1.27668,1.27676
EUR_USD,1640001502.0,1.27696,1.27704
EUR_USD,1640001503.0,1.27724,1.27732
EUR_USD,1640001504.0,1.27767,1.27775
EUR_USD,1640001505.0,1.27767,1.27775
EUR_USD,1640001506.0,1.2778,1.27788
EUR_USD,1640001507.0,1.27819,1.27827
EUR_USD,1640001508.0,1.27835,1.27843
EUR_USD,1640001509.0,1.27852,1.2786
EUR_USD,1640001510.0,1.27839,1.27847
EUR_USD,1640001511.0,1.27868,1.27876
EUR_USD,1640001512.0,1.27894,1.27902
EUR_USD,1640001513.0,1.27876,1.27884
EUR_USD,1640001514.0,1.27879,1.27887
EUR_USD,1640001515.0,1.27909,1.27917
EUR_USD,1640001516.0,1.27845,1.27853
EUR_USD,1640001517.0,1.27885,1.27893
EUR_USD,1640001518.0,1.27915,1.27923
EUR_USD,1640001519.0,1.27876,1.27884
EUR_USD,1640001520.0,1.27903,1.27911
EUR_USD,1640001521.0,1.27965,1.27973
EUR_USD,1640001522.0,1.27968,1.27976
EUR_USD,1640001523.0,1.28014,1.28022
EUR_USD,1640001524.0,1.28018,1.28026
EUR_USD,1640001525.0,1.28049,1.28057
EUR_USD,1640001526.0,1.28079,1.28087
EUR_USD,1640001527.0,1.28058,1.28066
EUR_USD,1640001528.0,1.28126,1.28134
EUR_USD,1640001529.0,1.28149,1.28157
EUR_USD,1640001530.0,1.2814,1.28148
EUR_USD,1640001531.0,1.28172,1.2818
EUR_USD,1640001532.0,1.28175,1.28183
EUR_USD,1640001533.0,1.28228,1.28236
EUR_USD,1640001534.0,1.28252,1.2826
EUR_USD,1640001535.0,1.2831,1.28318
EUR_USD,1640001536.0,1.28309,1.28317
EUR_USD,1640001537.0,1.28323,1.28331
EUR_USD,1640001538.0,1.28307,1.28315
EUR_USD,1640001539.0,1.28304,1.28312
EUR_USD,1640001540.0,1.28304,1.28312
EUR_USD,1640001541.0,1.28306,1.28314
EUR_USD,1640001542.0,1.28277,1.28285
EUR_USD,1640001543.0,1.28302,1.2831
EUR_USD,1640001544.0,1.283,1.28308
EUR_USD,1640001545.0,1.28314,1.28322
EUR_USD,1640001546.0,1.28338,1.28346
EUR_USD,1640001547.0,1.28363,1.28371
EUR_USD,1640001548.0,1.2845,1.28458
EUR_USD,1640001549.0,1.28407,1.28415
EUR_USD,1640001550.0,1.28409,1.28417
EUR_USD,1640001551.0,1.28446,1.28454
EUR_USD,1640001552.0,1.2846,1.28468
EUR_USD,1640001553.0,1.28441,1.28449
EUR_USD,1640001554.0,1.28501,1.28509
EUR_USD,1640001555.0,1.28523,1.28531
EUR_USD,1640001556.0,1.28543,1.28551
EUR_USD,1640001557.0,1.28554,1.28562
EUR_USD,1640001558.0,1.28584,1.28592
EUR_USD,1640001559.0,1.28608,1.28616
EUR_USD,1640001560.0,1.28632,1.2864
EUR_USD,1640001561.0,1.28714,1.28722
EUR_USD,1640001562.0,1.28741,1.28749
EUR_USD,1640001563.0,1.28802,1.2881
EUR_USD,1640001564.0,1.28849,1.28857
EUR_USD,1640001565.0,1.28873,1.28881
EUR_USD,1640001566.0,1.28854,1.28862
EUR_USD,1640001567.0,1.2884,1.28848
EUR_USD,1640001568.0,1.2887,1.28878
EUR_USD,1640001569.0,1.28853,1.28861
EUR_USD,1640001570.0,1.28868,1.28876
EUR_USD,1640001571.0,1.28894,1.28902
EUR_USD,1640001572.0,1.28912,1.2892
EUR_USD,1640001573.0,1.28933,1.28941
EUR_USD,1640001574.0,1.28937,1.28945
EUR_USD,1640001575.0,1.28962,1.2897
EUR_USD,1640001576.0,1.2896,1.28968
EUR_USD,1640001577.0,1.28963,1.28971
EUR_USD,1640001578.0,1.28941,1.28949
EUR_USD,1640001579.0,1.28955,1.28963
EUR_USD,1640001580.0,1.29033,1.29041
EUR_USD,1640001581.0,1.29052,1.2906
EUR_USD,1640001582.0,1.29062,1.2907
EUR_USD,1640001583.0,1.29044,1.29052
EUR_USD,1640001584.0,1.29088,1.29096
EUR_USD,1640001585.0,1.29162,1.2917
EUR_USD,1640001586.0,1.29144,1.29152
EUR_USD,1640001587.0,1.29204,1.29212
EUR_USD,1640001588.0,1.29223,1.29231
EUR_USD,1640001589.0,1.29157,1.29165
EUR_USD,1640001590.0,1.29178,1.29186
EUR_USD,1640001591.0,1.29174,1.29182
EUR_USD,1640001592.0,1.29233,1.29241
EUR_USD,1640001593.0,1.29292,1.293
EUR_USD,1640001594.0,1.29348,1.29356
EUR_USD,1640001595.0,1.29395,1.29403
EUR_USD,1640001596.0,1.2946,1.29468
EUR_USD,1640001597.0,1.29464,1.29472
EUR_USD,1640001598.0,1.29449,1.29457
EUR_USD,1640001599.0,1.2949,1.29498
EUR_USD,1640001600.0,1.29579,1.29587
EUR_USD,1640001601.0,1.29598,1.29606
EUR_USD,1640001602.0,1.29575,1.29583
EUR_USD,1640001603.0,1.29562,1.2957
EUR_USD,1640001604.0,1.29611,1.29619
EUR_USD,1640001605.0,1.29611,1.29619
EUR_USD,1640001606.0,1.29664,1.29672
EUR_USD,1640001607.0,1.29661,1.29669
EUR_USD,1640001608.0,1.29682,1.2969
EUR_USD,1640001609.0,1.29723,1.29731
EUR_USD,1640001610.0,1.29689,1.29697
EUR_USD,1640001611.0,1.2972,1.29728
EUR_USD,1640001612.0,1.29741,1.29749
EUR_USD,1640001613.0,1.29766,1.29774
EUR_USD,1640001614.0,1.29785,1.29793
EUR_USD,1640001615.0,1.29847,1.29855
EUR_USD,1640001616.0,1.29863,1.29871
EUR_USD,1640001617.0,1.29857,1.29865
EUR_USD,1640001618.0,1.29856,1.29864
EUR_USD,1640001619.0,1.29849,1.29857
EUR_USD,1640001620.0,1.2976,1.29768
EUR_USD,1640001621.0,1.29783,1.29791
EUR_USD,1640001622.0,1.29762,1.2977
EUR_USD,1640001623.0,1.29809,1.29817
EUR_USD,1640001624.0,1.29834,1.29842
EUR_USD,1640001625.0,1.29815,1.29823
EUR_USD,1640001626.0,1.29843,1.29851
EUR_USD,1640001627.0,1.29844,1.29852
EUR_USD,1640001628.0,1.29844,1.29852
EUR_USD,1640001629.0,1.2977,1.29778
EUR_USD,1640001630.0,1.29828,1.29836
EUR_USD,1640001631.0,1.29815,1.29823
EUR_USD,1640001632.0,1.2984,1.29848
EUR_USD,1640001633.0,1.29815,1.29823
EUR_USD,1640001634.0,1.29901,1.29909
EUR_USD,1640001635.0,1.29899,1.29907
EUR_USD,1640001636.0,1.29928,1.29936
EUR_USD,1640001637.0,1.29935,1.29943
EUR_USD,1640001638.0,1.29933,1.29941
EUR_USD,1640001639.0,1.29973,1.29981
EUR_USD,1640001640.0,1.29962,1.2997
EUR_USD,1640001641.0,1.29984,1.29992
EUR_USD,1640001642.0,1.29994,1.30002
EUR_USD,1640001643.0,1.30027,1.30035
EUR_USD,1640001644.0,1.30032,1.3004
EUR_USD,1640001645.0,1.30056,1.30064
EUR_USD,1640001646.0,1.30017,1.30025
EUR_USD,1640001647.0,1.30041,1.30049
EUR_USD,1640001648.0,1.30102,1.3011
EUR_USD,1640001649.0,1.30104,1.30112
EUR_USD,1640001650.0,1.30151,1.30159
EUR_USD,1640001651.0,1.30173,1.30181
EUR_USD,1640001652.0,1.30176,1.30184
EUR_USD,1640001653.0,1.30176,1.30184
EUR_USD,1640001654.0,1.30225,1.30233
EUR_USD,1640001655.0,1.30248,1.30256
EUR_USD,1640001656.0,1.30246,1.30254
EUR_USD,1640001657.0,1.30237,1.30245
EUR_USD,1640001658.0,1.30272,1.3028
EUR_USD,1640001659.0,1.30263,1.30271
EUR_USD,1640001660.0,1.30233,1.30241
EUR_USD,1640001661.0,1.30252,1.3026
EUR_USD,1640001662.0,1.30258,1.30266
EUR_USD,1640001663.0,1.30262,1.3027
EUR_USD,1640001664.0,1.30262,1.3027
EUR_USD,1640001665.0,1.30226,1.30234
EUR_USD,1640001666.0,1.30255,1.30263
EUR_USD,1640001667.0,1.3028,1.30288
EUR_USD,1640001668.0,1.30318,1.30326
EUR_USD,1640001669.0,1.30314,1.30322
EUR_USD,1640001670.0,1.3032,1.30328
EUR_USD,1640001671.0,1.30329,1.30337
EUR_USD,1640001672.0,1.30311,1.30319
EUR_USD,1640001673.0,1.30343,1.30351
EUR_USD,1640001674.0,1.30369,1.30377
EUR_USD,1640001675.0,1.30358,1.30366
EUR_USD,1640001676.0,1.30419,1.30427
EUR_USD,1640001677.0,1.3045,1.30458
EUR_USD,1640001678.0,1.30467,1.30475
EUR_USD,1640001679.0,1.30487,1.30495
EUR_USD,1640001680.0,1.30518,1.30526
EUR_USD,1640001681.0,1.30536,1.30544
EUR_USD,1640001682.0,1.30624,1.30632
EUR_USD,1640001683.0,1.30682,1.3069
EUR_USD,1640001684.0,1.30724,1.30732
EUR_USD,1640001685.0,1.30799,1.30807
EUR_USD,1640001686.0,1.30869,1.30877
EUR_USD,1640001687.0,1.30866,1.30874
EUR_USD,1640001688.0,1.30908,1.30916
EUR_USD,1640001689.0,1.30916,1.30924
EUR_USD,1640001690.0,1.3089,1.30898
EUR_USD,1640001691.0,1.30918,1.30926
EUR_USD,1640001692.0,1.30966,1.30974
EUR_USD,1640001693.0,1.30974,1.30982
EUR_USD,1640001694.0,1.30926,1.30934
EUR_USD,1640001695.0,1.3094,1.30948
EUR_USD,1640001696.0,1.30954,1.30962
EUR_USD,1640001697.0,1.30953,1.30961
EUR_USD,1640001698.0,1.30962,1.3097
EUR_USD,1640001699.0,1.30966,1.30974
EUR_USD,1640001700.0,1.31025,1.31033
EUR_USD,1640001701.0,1.31003,1.31011
EUR_USD,1640001702.0,1.31001,1.31009
EUR_USD,1640001703.0,1.31047,1.31055
EUR_USD,1640001704.0,1.31061,1.31069
EUR_USD,1640001705.0,1.31042,1.3105
EUR_USD,1640001706.0,1.31095,1.31103
EUR_USD,1640001707.0,1.31126,1.31134
EUR_USD,1640001708.0,1.31124,1.31132
EUR_USD,1640001709.0,1.31117,1.31125
EUR_USD,1640001710.0,1.31096,1.31104
EUR_USD,1640001711.0,1.31093,1.31101
EUR_USD,1640001712.0,1.31129,1.31137
EUR_USD,1640001713.0,1.31097,1.31105
EUR_USD,1640001714.0,1.31117,1.31125
EUR_USD,1640001715.0,1.3112,1.31128
EUR_USD,1640001716.0,1.31131,1.31139
EUR_USD,1640001717.0,1.31197,1.31205
EUR_USD,1640001718.0,1.31166,1.31174
EUR_USD,1640001719.0,1.31135,1.31143
EUR_USD,1640001720.0,1.31122,1.3113
EUR_USD,1640001721.0,1.31112,1.3112
EUR_USD,1640001722.0,1.31078,1.31086
EUR_USD,1640001723.0,1.31149,1.31157
EUR_USD,1640001724.0,1.3118,1.31188
EUR_USD,1640001725.0,1.31155,1.31163
EUR_USD,1640001726.0,1.31176,1.31184
EUR_USD,1640001727.0,1.31176,1.31184
EUR_USD,1640001728.0,1.31183,1.31191
EUR_USD,1640001729.0,1.3123,1.31238
EUR_USD,1640001730.0,1.31258,1.31266
EUR_USD,1640001731.0,1.3123,1.31238
EUR_USD,1640001732.0,1.31226,1.31234
EUR_USD,1640001733.0,1.31302,1.3131
EUR_USD,1640001734.0,1.31334,1.31342
EUR_USD,1640001735.0,1.31327,1.31335
EUR_USD,1640001736.0,1.31337,1.31345
EUR_USD,1640001737.0,1.31361,1.31369
EUR_USD,1640001738.0,1.31395,1.31403
EUR_USD,1640001739.0,1.31391,1.31399
EUR_USD,1640001740.0,1.31432,1.3144
EUR_USD,1640001741.0,1.31515,1.31523
EUR_USD,1640001742.0,1.31525,1.31533
EUR_USD,1640001743.0,1.315,1.31508
EUR_USD,1640001744.0,1.315,1.31508
EUR_USD,1640001745.0,1.31497,1.31505
EUR_USD,1640001746.0,1.31517,1.31525
EUR_USD,1640001747.0,1.31499,1.31507
EUR_USD,1640001748.0,1.31505,1.31513
EUR_USD,1640001749.0,1.31533,1.31541
EUR_USD,1640001750.0,1.31564,1.31572
EUR_USD,1640001751.0,1.31505,1.31513
EUR_USD,1640001752.0,1.31513,1.31521
EUR_USD,1640001753.0,1.31558,1.31566
EUR_USD,1640001754.0,1.31555,1.31563
EUR_USD,1640001755.0,1.31578,1.31586
EUR_USD,1640001756.0,1.31556,1.31564
EUR_USD,1640001757.0,1.31609,1.31617
EUR_USD,1640001758.0,1.31626,1.31634
EUR_USD,1640001759.0,1.31593,1.31601
EUR_USD,1640001760.0,1.31589,1.31597
EUR_USD,1640001761.0,1.31603,1.31611
EUR_USD,1640001762.0,1.31612,1.3162
EUR_USD,1640001763.0,1.31594,1.31602
EUR_USD,1640001764.0,1.31604,1.31612
EUR_USD,1640001765.0,1.31619,1.31627
EUR_USD,1640001766.0,1.31631,1.31639
EUR_USD,1640001767.0,1.31701,1.31709
EUR_USD,1640001768.0,1.3178,1.31788
EUR_USD,1640001769.0,1.31784,1.31792
EUR_USD,1640001770.0,1.31805,1.31813
EUR_USD,1640001771.0,1.31796,1.31804
EUR_USD,1640001772.0,1.31813,1.31821
EUR_USD,1640001773.0,1.31872,1.3188
EUR_USD,1640001774.0,1.31817,1.31825
EUR_USD,1640001775.0,1.31823,1.31831
EUR_USD,1640001776.0,1.31815,1.31823
EUR_USD,1640001777.0,1.31812,1.3182
EUR_USD,1640001778.0,1.31869,1.31877
EUR_USD,1640001779.0,1.3184,1.31848
EUR_USD,1640001780.0,1.31892,1.319
EUR_USD,1640001781.0,1.31932,1.3194
EUR_USD,1640001782.0,1.31857,1.31865
EUR_USD,1640001783.0,1.31883,1.31891
EUR_USD,1640001784.0,1.31878,1.31886
EUR_USD,1640001785.0,1.31894,1.31902
EUR_USD,1640001786.0,1.31903,1.31911
EUR_USD,1640001787.0,1.31931,1.31939
EUR_USD,1640001788.0,1.31895,1.31903
EUR_USD,1640001789.0,1.3193,1.31938
EUR_USD,1640001790.0,1.31976,1.31984
EUR_USD,1640001791.0,1.31991,1.31999
EUR_USD,1640001792.0,1.31951,1.31959
EUR_USD,1640001793.0,1.31931,1.31939
EUR_USD,1640001794.0,1.31961,1.31969
EUR_USD,1640001795.0,1.31919,1.31927
EUR_USD,1640001796.0,1.31949,1.31957
EUR_USD,1640001797.0,1.31944,1.31952
EUR_USD,1640001798.0,1.31916,1.31924
EUR_USD,1640001799.0,1.31895,1.31903
