instrument,ts,bid,ask
EUR_USD,1640000000.0,1.10032,1.1004
EUR_USD,1640000001.0,1.10043,1.10051
EUR_USD,1640000002.0,1.10063,1.10071
EUR_USD,1640000003.0,1.10061,1.10069
EUR_USD,1640000004.0,1.10059,1.10067
EUR_USD,1640000005.0,1.10038,1.10046
EUR_USD,1640000006.0,1.10036,1.10044
EUR_USD,1640000007.0,1.1002,1.10028
EUR_USD,1640000008.0,1.10022,1.1003
EUR_USD,1640000009.0,1.1002,1.10028
EUR_USD,1640000010.0,1.10023,1.10031
EUR_USD,1640000011.0,1.10024,1.10032
EUR_USD,1640000012.0,1.10031,1.10039
EUR_USD,1640000013.0,1.10042,1.1005
EUR_USD,1640000014.0,1.10031,1.10039
EUR_USD,1640000015.0,1.10032,1.1004
EUR_USD,1640000016.0,1.10037,1.10045
EUR_USD,1640000017.0,1.1003,1.10038
EUR_USD,1640000018.0,1.10046,1.10054
EUR_USD,1640000019.0,1.10042,1.1005
EUR_USD,1640000020.0,1.10053,1.10061
EUR_USD,1640000021.0,1.10053,1.10061
EUR_USD,1640000022.0,1.10068,1.10076
EUR_USD,1640000023.0,1.10083,1.10091
EUR_USD,1640000024.0,1.10104,1.10112
EUR_USD,1640000025.0,1.10121,1.10129
EUR_USD,1640000026.0,1.10108,1.10116
EUR_USD,1640000027.0,1.10121,1.10129
EUR_USD,1640000028.0,1.1013,1.10138
EUR_USD,1640000029.0,1.10117,1.10125
EUR_USD,1640000030.0,1.1012,1.10128
EUR_USD,1640000031.0,1.10137,1.10145
EUR_USD,1640000032.0,1.10133,1.10141
EUR_USD,1640000033.0,1.10135,1.10143
EUR_USD,1640000034.0,1.10152,1.1016
EUR_USD,1640000035.0,1.10189,1.10197
EUR_USD,1640000036.0,1.10193,1.10201
EUR_USD,1640000037.0,1.102,1.10208
EUR_USD,1640000038.0,1.10191,1.10199
EUR_USD,1640000039.0,1.10185,1.10193
EUR_USD,1640000040.0,1.10194,1.10202
EUR_USD,1640000041.0,1.10192,1.102
EUR_USD,1640000042.0,1.10199,1.10207
EUR_USD,1640000043.0,1.10195,1.10203
EUR_USD,1640000044.0,1.10194,1.10202
EUR_USD,1640000045.0,1.102,1.10208
EUR_USD,1640000046.0,1.10187,1.10195
EUR_USD,1640000047.0,1.10193,1.10201
EUR_USD,1640000048.0,1.10203,1.10211
EUR_USD,1640000049.0,1.10211,1.10219
EUR_USD,1640000050.0,1.10218,1.10226
EUR_USD,1640000051.0,1.10236,1.10244
EUR_USD,1640000052.0,1.10229,1.10237
EUR_USD,1640000053.0,1.10228,1.10236
EUR_USD,1640000054.0,1.10223,1.10231
EUR_USD,1640000055.0,1.10215,1.10223
EUR_USD,1640000056.0,1.10223,1.10231
EUR_USD,1640000057.0,1.10195,1.10203
EUR_USD,1640000058.0,1.10193,1.10201
EUR_USD,1640000059.0,1.10196,1.10204
EUR_USD,1640000060.0,1.102,1.10208
EUR_USD,1640000061.0,1.10188,1.10196
EUR_USD,1640000062.0,1.10196,1.10204
EUR_USD,1640000063.0,1.10205,1.10213
EUR_USD,1640000064.0,1.10208,1.10216
EUR_USD,1640000065.0,1.10195,1.10203
EUR_USD,1640000066.0,1.10194,1.10202
EUR_USD,1640000067.0,1.10185,1.10193
EUR_USD,1640000068.0,1.10157,1.10165
EUR_USD,1640000069.0,1.10168,1.10176
EUR_USD,1640000070.0,1.10172,1.1018
EUR_USD,1640000071.0,1.10169,1.10177
EUR_USD,1640000072.0,1.10186,1.10194
EUR_USD,1640000073.0,1.10199,1.10207
EUR_USD,1640000074.0,1.10198,1.10206
EUR_USD,1640000075.0,1.10197,1.10205
EUR_USD,1640000076.0,1.10203,1.10211
EUR_USD,1640000077.0,1.10186,1.10194
EUR_USD,1640000078.0,1.10202,1.1021
EUR_USD,1640000079.0,1.10208,1.10216
EUR_USD,1640000080.0,1.10213,1.10221
EUR_USD,1640000081.0,1.10194,1.10202
EUR_USD,1640000082.0,1.1019,1.10198
EUR_USD,1640000083.0,1.10176,1.10184
EUR_USD,1640000084.0,1.10202,1.1021
EUR_USD,1640000085.0,1.10201,1.10209
EUR_USD,1640000086.0,1.102,1.10208
EUR_USD,1640000087.0,1.10216,1.10224
EUR_USD,1640000088.0,1.10183,1.10191
EUR_USD,1640000089.0,1.10218,1.10226
EUR_USD,1640000090.0,1.10222,1.1023
EUR_USD,1640000091.0,1.10215,1.10223
EUR_USD,1640000092.0,1.10231,1.10239
EUR_USD,1640000093.0,1.10253,1.10261
EUR_USD,1640000094.0,1.10259,1.10267
EUR_USD,1640000095.0,1.10254,1.10262
EUR_USD,1640000096.0,1.10259,1.10267
EUR_USD,1640000097.0,1.10278,1.10286
EUR_USD,1640000098.0,1.10281,1.10289
EUR_USD,1640000099.0,1.10277,1.10285
EUR_USD,1640000100.0,1.10291,1.10299
EUR_USD,1640000101.0,1.10291,1.10299
EUR_USD,1640000102.0,1.10305,1.10313
EUR_USD,1640000103.0,1.10319,1.10327
EUR_USD,1640000104.0,1.10299,1.10307
EUR_USD,1640000105.0,1.103,1.10308
EUR_USD,1640000106.0,1.10271,1.10279
EUR_USD,1640000107.0,1.10284,1.10292
EUR_USD,1640000108.0,1.1029,1.10298
EUR_USD,1640000109.0,1.10319,1.10327
EUR_USD,1640000110.0,1.10322,1.1033
EUR_USD,1640000111.0,1.10332,1.1034
EUR_USD,1640000112.0,1.10335,1.10343
EUR_USD,1640000113.0,1.10337,1.10345
EUR_USD,1640000114.0,1.10349,1.10357
EUR_USD,1640000115.0,1.10331,1.10339
EUR_USD,1640000116.0,1.10342,1.1035
EUR_USD,1640000117.0,1.1033,1.10338
EUR_USD,1640000118.0,1.10305,1.10313
EUR_USD,1640000119.0,1.10336,1.10344
EUR_USD,1640000120.0,1.10339,1.10347
EUR_USD,1640000121.0,1.10331,1.10339
EUR_USD,1640000122.0,1.10323,1.10331
EUR_USD,1640000123.0,1.10309,1.10317
EUR_USD,1640000124.0,1.10295,1.10303
EUR_USD,1640000125.0,1.10317,1.10325
EUR_USD,1640000126.0,1.10336,1.10344
EUR_USD,1640000127.0,1.10337,1.10345
EUR_USD,1640000128.0,1.10337,1.10345
EUR_USD,1640000129.0,1.10356,1.10364
EUR_USD,1640000130.0,1.1036,1.10368
EUR_USD,1640000131.0,1.10348,1.10356
EUR_USD,1640000132.0,1.10345,1.10353
EUR_USD,1640000133.0,1.10328,1.10336
EUR_USD,1640000134.0,1.10334,1.10342
EUR_USD,1640000135.0,1.10352,1.1036
EUR_USD,1640000136.0,1.10343,1.10351
EUR_USD,1640000137.0,1.1032,1.10328
EUR_USD,1640000138.0,1.10312,1.1032
EUR_USD,1640000139.0,1.10304,1.10312
EUR_USD,1640000140.0,1.10333,1.10341
EUR_USD,1640000141.0,1.10321,1.10329
EUR_USD,1640000142.0,1.10342,1.1035
EUR_USD,1640000143.0,1.10349,1.10357
EUR_USD,1640000144.0,1.10372,1.1038
EUR_USD,1640000145.0,1.10381,1.10389
EUR_USD,1640000146.0,1.10398,1.10406
EUR_USD,1640000147.0,1.10408,1.10416
EUR_USD,1640000148.0,1.10418,1.10426
EUR_USD,1640000149.0,1.10433,1.10441
EUR_USD,1640000150.0,1.10416,1.10424
EUR_USD,1640000151.0,1.1043,1.10438
EUR_USD,1640000152.0,1.10441,1.10449
EUR_USD,1640000153.0,1.10439,1.10447
EUR_USD,1640000154.0,1.10475,1.10483
EUR_USD,1640000155.0,1.10485,1.10493
EUR_USD,1640000156.0,1.1049,1.10498
EUR_USD,1640000157.0,1.10493,1.10501
EUR_USD,1640000158.0,1.10485,1.10493
EUR_USD,1640000159.0,1.10492,1.105
EUR_USD,1640000160.0,1.105,1.10508
EUR_USD,1640000161.0,1.105,1.10508
EUR_USD,1640000162.0,1.10493,1.10501
EUR_USD,1640000163.0,1.1051,1.10518
EUR_USD,1640000164.0,1.1052,1.10528
EUR_USD,1640000165.0,1.10552,1.1056
EUR_USD,1640000166.0,1.10561,1.10569
EUR_USD,1640000167.0,1.10562,1.1057
EUR_USD,1640000168.0,1.10543,1.10551
EUR_USD,1640000169.0,1.10555,1.10563
EUR_USD,1640000170.0,1.1056,1.10568
EUR_USD,1640000171.0,1.10567,1.10575
EUR_USD,1640000172.0,1.10544,1.10552
EUR_USD,1640000173.0,1.10526,1.10534
EUR_USD,1640000174.0,1.10527,1.10535
EUR_USD,1640000175.0,1.10539,1.10547
EUR_USD,1640000176.0,1.10535,1.10543
EUR_USD,1640000177.0,1.10541,1.10549
EUR_USD,1640000178.0,1.10511,1.10519
EUR_USD,1640000179.0,1.10507,1.10515
EUR_USD,1640000180.0,1.10515,1.10523
EUR_USD,1640000181.0,1.10532,1.1054
EUR_USD,1640000182.0,1.10533,1.10541
EUR_USD,1640000183.0,1.10559,1.10567
EUR_USD,1640000184.0,1.10568,1.10576
EUR_USD,1640000185.0,1.10573,1.10581
EUR_USD,1640000186.0,1.106,1.10608
EUR_USD,1640000187.0,1.10605,1.10613
EUR_USD,1640000188.0,1.10591,1.10599
EUR_USD,1640000189.0,1.106,1.10608
EUR_USD,1640000190.0,1.10607,1.10615
EUR_USD,1640000191.0,1.10592,1.106
EUR_USD,1640000192.0,1.10617,1.10625
EUR_USD,1640000193.0,1.10604,1.10612
EUR_USD,1640000194.0,1.10591,1.10599
EUR_USD,1640000195.0,1.10589,1.10597
EUR_USD,1640000196.0,1.10602,1.1061
EUR_USD,1640000197.0,1.10587,1.10595
EUR_USD,1640000198.0,1.10578,1.10586
EUR_USD,1640000199.0,1.10586,1.10594
EUR_USD,1640000200.0,1.106,1.10608
EUR_USD,1640000201.0,1.1058,1.10588
EUR_USD,1640000202.0,1.1057,1.10578
EUR_USD,1640000203.0,1.10566,1.10574
EUR_USD,1640000204.0,1.10556,1.10564
EUR_USD,1640000205.0,1.10555,1.10563
EUR_USD,1640000206.0,1.10569,1.10577
EUR_USD,1640000207.0,1.10579,1.10587
EUR_USD,1640000208.0,1.10585,1.10593
EUR_USD,1640000209.0,1.10583,1.10591
EUR_USD,1640000210.0,1.1061,1.10618
EUR_USD,1640000211.0,1.10608,1.10616
EUR_USD,1640000212.0,1.10611,1.10619
EUR_USD,1640000213.0,1.10618,1.10626
EUR_USD,1640000214.0,1.10619,1.10627
EUR_USD,1640000215.0,1.10621,1.10629
EUR_USD,1640000216.0,1.10634,1.10642
EUR_USD,1640000217.0,1.10634,1.10642
EUR_USD,1640000218.0,1.10639,1.10647
EUR_USD,1640000219.0,1.10629,1.10637
EUR_USD,1640000220.0,1.10631,1.10639
EUR_USD,1640000221.0,1.10628,1.10636
EUR_USD,1640000222.0,1.10642,1.1065
EUR_USD,1640000223.0,1.1064,1.10648
EUR_USD,1640000224.0,1.10639,1.10647
EUR_USD,1640000225.0,1.10645,1.10653
EUR_USD,1640000226.0,1.10642,1.1065
EUR_USD,1640000227.0,1.10656,1.10664
EUR_USD,1640000228.0,1.10667,1.10675
EUR_USD,1640000229.0,1.10681,1.10689
EUR_USD,1640000230.0,1.10696,1.10704
EUR_USD,1640000231.0,1.10706,1.10714
EUR_USD,1640000232.0,1.10711,1.10719
EUR_USD,1640000233.0,1.10718,1.10726
EUR_USD,1640000234.0,1.10696,1.10704
EUR_USD,1640000235.0,1.10673,1.10681
EUR_USD,1640000236.0,1.10683,1.10691
EUR_USD,1640000237.0,1.10708,1.10716
EUR_USD,1640000238.0,1.10739,1.10747
EUR_USD,1640000239.0,1.10741,1.10749
EUR_USD,1640000240.0,1.10739,1.10747
EUR_USD,1640000241.0,1.10758,1.10766
EUR_USD,1640000242.0,1.10774,1.10782
EUR_USD,1640000243.0,1.1079,1.10798
EUR_USD,1640000244.0,1.10814,1.10822
EUR_USD,1640000245.0,1.10815,1.10823
EUR_USD,1640000246.0,1.10817,1.10825
EUR_USD,1640000247.0,1.10811,1.10819
EUR_USD,1640000248.0,1.10805,1.10813
EUR_USD,1640000249.0,1.10829,1.10837
EUR_USD,1640000250.0,1.1084,1.10848
EUR_USD,1640000251.0,1.10838,1.10846
EUR_USD,1640000252.0,1.10841,1.10849
EUR_USD,1640000253.0,1.10838,1.10846
EUR_USD,1640000254.0,1.10855,1.10863
EUR_USD,1640000255.0,1.10861,1.10869
EUR_USD,1640000256.0,1.10882,1.1089
EUR_USD,1640000257.0,1.10884,1.10892
EUR_USD,1640000258.0,1.10918,1.10926
EUR_USD,1640000259.0,1.10934,1.10942
EUR_USD,1640000260.0,1.10948,1.10956
EUR_USD,1640000261.0,1.10933,1.10941
EUR_USD,1640000262.0,1.10927,1.10935
EUR_USD,1640000263.0,1.1094,1.10948
EUR_USD,1640000264.0,1.10961,1.10969
EUR_USD,1640000265.0,1.10938,1.10946
EUR_USD,1640000266.0,1.1093,1.10938
EUR_USD,1640000267.0,1.10938,1.10946
EUR_USD,1640000268.0,1.1096,1.10968
EUR_USD,1640000269.0,1.10995,1.11003
EUR_USD,1640000270.0,1.10981,1.10989
EUR_USD,1640000271.0,1.10996,1.11004
EUR_USD,1640000272.0,1.11014,1.11022
EUR_USD,1640000273.0,1.11016,1.11024
EUR_USD,1640000274.0,1.11026,1.11034
EUR_USD,1640000275.0,1.11031,1.11039
EUR_USD,1640000276.0,1.11058,1.11066
EUR_USD,1640000277.0,1.11067,1.11075
EUR_USD,1640000278.0,1.11066,1.11074
EUR_USD,1640000279.0,1.11076,1.11084
EUR_USD,1640000280.0,1.11089,1.11097
EUR_USD,1640000281.0,1.11101,1.11109
EUR_USD,1640000282.0,1.11116,1.11124
EUR_USD,1640000283.0,1.11104,1.11112
EUR_USD,1640000284.0,1.1111,1.11118
EUR_USD,1640000285.0,1.11115,1.11123
EUR_USD,1640000286.0,1.11139,1.11147
EUR_USD,1640000287.0,1.11143,1.11151
EUR_USD,1640000288.0,1.11151,1.11159
EUR_USD,1640000289.0,1.11138,1.11146
EUR_USD,1640000290.0,1.11142,1.1115
EUR_USD,1640000291.0,1.11139,1.11147
EUR_USD,1640000292.0,1.11147,1.11155
EUR_USD,1640000293.0,1.11178,1.11186
EUR_USD,1640000294.0,1.11185,1.11193
EUR_USD,1640000295.0,1.11182,1.1119
EUR_USD,1640000296.0,1.11166,1.11174
EUR_USD,1640000297.0,1.11177,1.11185
EUR_USD,1640000298.0,1.11177,1.11185
EUR_USD,1640000299.0,1.11171,1.11179
EUR_USD,1640000300.0,1.11163,1.11171
EUR_USD,1640000301.0,1.11163,1.11171
EUR_USD,1640000302.0,1.11175,1.11183
EUR_USD,1640000303.0,1.11177,1.11185
EUR_USD,1640000304.0,1.11176,1.11184
EUR_USD,1640000305.0,1.11156,1.11164
EUR_USD,1640000306.0,1.11153,1.11161
EUR_USD,1640000307.0,1.11135,1.11143
EUR_USD,1640000308.0,1.1115,1.11158
EUR_USD,1640000309.0,1.11146,1.11154
EUR_USD,1640000310.0,1.11142,1.1115
EUR_USD,1640000311.0,1.11175,1.11183
EUR_USD,1640000312.0,1.11177,1.11185
EUR_USD,1640000313.0,1.11177,1.11185
EUR_USD,1640000314.0,1.11175,1.11183
EUR_USD,1640000315.0,1.11166,1.11174
EUR_USD,1640000316.0,1.11163,1.11171
EUR_USD,1640000317.0,1.11171,1.11179
EUR_USD,1640000318.0,1.11189,1.11197
EUR_USD,1640000319.0,1.11199,1.11207
EUR_USD,1640000320.0,1.11207,1.11215
EUR_USD,1640000321.0,1.11204,1.11212
EUR_USD,1640000322.0,1.11231,1.11239
EUR_USD,1640000323.0,1.11233,1.11241
EUR_USD,1640000324.0,1.1125,1.11258
EUR_USD,1640000325.0,1.11257,1.11265
EUR_USD,1640000326.0,1.11259,1.11267
EUR_USD,1640000327.0,1.11276,1.11284
EUR_USD,1640000328.0,1.11284,1.11292
EUR_USD,1640000329.0,1.11286,1.11294
EUR_USD,1640000330.0,1.11289,1.11297
EUR_USD,1640000331.0,1.11312,1.1132
EUR_USD,1640000332.0,1.11337,1.11345
EUR_USD,1640000333.0,1.11331,1.11339
EUR_USD,1640000334.0,1.11344,1.11352
EUR_USD,1640000335.0,1.11356,1.11364
EUR_USD,1640000336.0,1.11366,1.11374
EUR_USD,1640000337.0,1.11368,1.11376
EUR_USD,1640000338.0,1.11364,1.11372
EUR_USD,1640000339.0,1.1134,1.11348
EUR_USD,1640000340.0,1.11324,1.11332
EUR_USD,1640000341.0,1.11324,1.11332
EUR_USD,1640000342.0,1.11316,1.11324
EUR_USD,1640000343.0,1.11309,1.11317
EUR_USD,1640000344.0,1.11312,1.1132
EUR_USD,1640000345.0,1.11319,1.11327
EUR_USD,1640000346.0,1.11341,1.11349
EUR_USD,1640000347.0,1.11369,1.11377
EUR_USD,1640000348.0,1.11378,1.11386
EUR_USD,1640000349.0,1.11354,1.11362
EUR_USD,1640000350.0,1.11371,1.11379
EUR_USD,1640000351.0,1.11379,1.11387
EUR_USD,1640000352.0,1.11379,1.11387
EUR_USD,1640000353.0,1.11387,1.11395
EUR_USD,1640000354.0,1.11383,1.11391
EUR_USD,1640000355.0,1.11381,1.11389
EUR_USD,1640000356.0,1.11376,1.11384
EUR_USD,1640000357.0,1.1136,1.11368
EUR_USD,1640000358.0,1.1135,1.11358
EUR_USD,1640000359.0,1.11358,1.11366
EUR_USD,1640000360.0,1.11365,1.11373
EUR_USD,1640000361.0,1.11378,1.11386
EUR_USD,1640000362.0,1.1136,1.11368
EUR_USD,1640000363.0,1.11345,1.11353
EUR_USD,1640000364.0,1.11347,1.11355
EUR_USD,1640000365.0,1.11358,1.11366
EUR_USD,1640000366.0,1.1133,1.11338
EUR_USD,1640000367.0,1.11336,1.11344
EUR_USD,1640000368.0,1.11363,1.11371
EUR_USD,1640000369.0,1.11369,1.11377
EUR_USD,1640000370.0,1.11378,1.11386
EUR_USD,1640000371.0,1.11381,1.11389
EUR_USD,1640000372.0,1.11384,1.11392
EUR_USD,1640000373.0,1.11376,1.11384
EUR_USD,1640000374.0,1.11371,1.11379
EUR_USD,1640000375.0,1.11358,1.11366
EUR_USD,1640000376.0,1.11371,1.11379
EUR_USD,1640000377.0,1.11356,1.11364
EUR_USD,1640000378.0,1.11356,1.11364
EUR_USD,1640000379.0,1.11347,1.11355
EUR_USD,1640000380.0,1.11355,1.11363
EUR_USD,1640000381.0,1.11366,1.11374
EUR_USD,1640000382.0,1.11362,1.1137
EUR_USD,1640000383.0,1.11338,1.11346
EUR_USD,1640000384.0,1.11347,1.11355
EUR_USD,1640000385.0,1.11352,1.1136
EUR_USD,1640000386.0,1.11358,1.11366
EUR_USD,1640000387.0,1.11383,1.11391
EUR_USD,1640000388.0,1.11366,1.11374
EUR_USD,1640000389.0,1.11346,1.11354
EUR_USD,1640000390.0,1.11319,1.11327
EUR_USD,1640000391.0,1.11326,1.11334
EUR_USD,1640000392.0,1.11344,1.11352
EUR_USD,1640000393.0,1.11343,1.11351
EUR_USD,1640000394.0,1.11368,1.11376
EUR_USD,1640000395.0,1.11387,1.11395
EUR_USD,1640000396.0,1.11388,1.11396
EUR_USD,1640000397.0,1.11382,1.1139
EUR_USD,1640000398.0,1.11406,1.11414
EUR_USD,1640000399.0,1.11407,1.11415
EUR_USD,1640000400.0,1.11412,1.1142
EUR_USD,1640000401.0,1.11441,1.11449
EUR_USD,1640000402.0,1.11447,1.11455
EUR_USD,1640000403.0,1.11443,1.11451
EUR_USD,1640000404.0,1.11436,1.11444
EUR_USD,1640000405.0,1.11437,1.11445
EUR_USD,1640000406.0,1.11437,1.11445
EUR_USD,1640000407.0,1.11449,1.11457
EUR_USD,1640000408.0,1.11441,1.11449
EUR_USD,1640000409.0,1.11439,1.11447
EUR_USD,1640000410.0,1.11444,1.11452
EUR_USD,1640000411.0,1.11443,1.11451
EUR_USD,1640000412.0,1.11473,1.11481
EUR_USD,1640000413.0,1.11472,1.1148
EUR_USD,1640000414.0,1.11496,1.11504
EUR_USD,1640000415.0,1.11503,1.11511
EUR_USD,1640000416.0,1.11511,1.11519
EUR_USD,1640000417.0,1.11518,1.11526
EUR_USD,1640000418.0,1.11544,1.11552
EUR_USD,1640000419.0,1.11554,1.11562
EUR_USD,1640000420.0,1.11536,1.11544
EUR_USD,1640000421.0,1.11534,1.11542
EUR_USD,1640000422.0,1.1154,1.11548
EUR_USD,1640000423.0,1.11557,1.11565
EUR_USD,1640000424.0,1.11571,1.11579
EUR_USD,1640000425.0,1.11606,1.11614
EUR_USD,1640000426.0,1.11611,1.11619
EUR_USD,1640000427.0,1.11606,1.11614
EUR_USD,1640000428.0,1.11619,1.11627
EUR_USD,1640000429.0,1.11617,1.11625
EUR_USD,1640000430.0,1.11598,1.11606
EUR_USD,1640000431.0,1.11615,1.11623
EUR_USD,1640000432.0,1.11611,1.11619
EUR_USD,1640000433.0,1.11649,1.11657
EUR_USD,1640000434.0,1.11677,1.11685
EUR_USD,1640000435.0,1.11674,1.11682
EUR_USD,1640000436.0,1.11655,1.11663
EUR_USD,1640000437.0,1.11653,1.11661
EUR_USD,1640000438.0,1.11653,1.11661
EUR_USD,1640000439.0,1.11646,1.11654
EUR_USD,1640000440.0,1.1164,1.11648
EUR_USD,1640000441.0,1.11665,1.11673
EUR_USD,1640000442.0,1.11671,1.11679
EUR_USD,1640000443.0,1.11673,1.11681
EUR_USD,1640000444.0,1.11649,1.11657
EUR_USD,1640000445.0,1.11639,1.11647
EUR_USD,1640000446.0,1.11658,1.11666
EUR_USD,1640000447.0,1.11668,1.11676
EUR_USD,1640000448.0,1.11676,1.11684
EUR_USD,1640000449.0,1.11695,1.11703
EUR_USD,1640000450.0,1.11693,1.11701
EUR_USD,1640000451.0,1.11696,1.11704
EUR_USD,1640000452.0,1.11698,1.11706
EUR_USD,1640000453.0,1.11709,1.11717
EUR_USD,1640000454.0,1.11713,1.11721
EUR_USD,1640000455.0,1.11729,1.11737
EUR_USD,1640000456.0,1.11734,1.11742
EUR_USD,1640000457.0,1.11742,1.1175
EUR_USD,1640000458.0,1.11726,1.11734
EUR_USD,1640000459.0,1.11726,1.11734
EUR_USD,1640000460.0,1.11728,1.11736
EUR_USD,1640000461.0,1.11736,1.11744
EUR_USD,1640000462.0,1.11727,1.11735
EUR_USD,1640000463.0,1.11733,1.11741
EUR_USD,1640000464.0,1.11742,1.1175
EUR_USD,1640000465.0,1.11758,1.11766
EUR_USD,1640000466.0,1.11765,1.11773
EUR_USD,1640000467.0,1.11761,1.11769
EUR_USD,1640000468.0,1.11739,1.11747
EUR_USD,1640000469.0,1.1175,1.11758
EUR_USD,1640000470.0,1.11754,1.11762
EUR_USD,1640000471.0,1.11761,1.11769
EUR_USD,1640000472.0,1.11768,1.11776
EUR_USD,1640000473.0,1.11761,1.11769
EUR_USD,1640000474.0,1.11772,1.1178
EUR_USD,1640000475.0,1.11765,1.11773
EUR_USD,1640000476.0,1.1175,1.11758
EUR_USD,1640000477.0,1.11759,1.11767
EUR_USD,1640000478.0,1.11768,1.11776
EUR_USD,1640000479.0,1.11769,1.11777
EUR_USD,1640000480.0,1.11762,1.1177
EUR_USD,1640000481.0,1.11745,1.11753
EUR_USD,1640000482.0,1.11742,1.1175
EUR_USD,1640000483.0,1.1175,1.11758
EUR_USD,1640000484.0,1.11728,1.11736
EUR_USD,1640000485.0,1.11752,1.1176
EUR_USD,1640000486.0,1.11765,1.11773
EUR_USD,1640000487.0,1.1177,1.11778
EUR_USD,1640000488.0,1.11774,1.11782
EUR_USD,1640000489.0,1.11756,1.11764
EUR_USD,1640000490.0,1.1177,1.11778
EUR_USD,1640000491.0,1.1179,1.11798
EUR_USD,1640000492.0,1.11791,1.11799
EUR_USD,1640000493.0,1.11781,1.11789
EUR_USD,1640000494.0,1.11751,1.11759
EUR_USD,1640000495.0,1.11759,1.11767
EUR_USD,1640000496.0,1.11728,1.11736
EUR_USD,1640000497.0,1.11738,1.11746
EUR_USD,1640000498.0,1.11733,1.11741
EUR_USD,1640000499.0,1.11727,1.11735
EUR_USD,1640000500.0,1.11724,1.11732
EUR_USD,1640000501.0,1.11696,1.11704
EUR_USD,1640000502.0,1.11699,1.11707
EUR_USD,1640000503.0,1.11693,1.11701
EUR_USD,1640000504.0,1.11677,1.11685
EUR_USD,1640000505.0,1.11705,1.11713
EUR_USD,1640000506.0,1.11687,1.11695
EUR_USD,1640000507.0,1.11669,1.11677
EUR_USD,1640000508.0,1.11641,1.11649
EUR_USD,1640000509.0,1.11633,1.11641
EUR_USD,1640000510.0,1.11632,1.1164
EUR_USD,1640000511.0,1.11618,1.11626
EUR_USD,1640000512.0,1.11599,1.11607
EUR_USD,1640000513.0,1.11598,1.11606
EUR_USD,1640000514.0,1.1161,1.11618
EUR_USD,1640000515.0,1.11606,1.11614
EUR_USD,1640000516.0,1.11623,1.11631
EUR_USD,1640000517.0,1.11641,1.11649
EUR_USD,1640000518.0,1.11619,1.11627
EUR_USD,1640000519.0,1.11621,1.11629
EUR_USD,1640000520.0,1.11628,1.11636
EUR_USD,1640000521.0,1.11624,1.11632
EUR_USD,1640000522.0,1.11628,1.11636
EUR_USD,1640000523.0,1.11626,1.11634
EUR_USD,1640000524.0,1.11636,1.11644
EUR_USD,1640000525.0,1.11653,1.11661
EUR_USD,1640000526.0,1.11692,1.117
EUR_USD,1640000527.0,1.1168,1.11688
EUR_USD,1640000528.0,1.11707,1.11715
EUR_USD,1640000529.0,1.11705,1.11713
EUR_USD,1640000530.0,1.1171,1.11718
EUR_USD,1640000531.0,1.11749,1.11757
EUR_USD,1640000532.0,1.11734,1.11742
EUR_USD,1640000533.0,1.11742,1.1175
EUR_USD,1640000534.0,1.11729,1.11737
EUR_USD,1640000535.0,1.11729,1.11737
EUR_USD,1640000536.0,1.11737,1.11745
EUR_USD,1640000537.0,1.11749,1.11757
EUR_USD,1640000538.0,1.11738,1.11746
EUR_USD,1640000539.0,1.11719,1.11727
EUR_USD,1640000540.0,1.11716,1.11724
EUR_USD,1640000541.0,1.11712,1.1172
EUR_USD,1640000542.0,1.11729,1.11737
EUR_USD,1640000543.0,1.1175,1.11758
EUR_USD,1640000544.0,1.11759,1.11767
EUR_USD,1640000545.0,1.11747,1.11755
EUR_USD,1640000546.0,1.11739,1.11747
EUR_USD,1640000547.0,1.11752,1.1176
EUR_USD,1640000548.0,1.1175,1.11758
EUR_USD,1640000549.0,1.11735,1.11743
EUR_USD,1640000550.0,1.1176,1.11768
EUR_USD,1640000551.0,1.11742,1.1175
EUR_USD,1640000552.0,1.11754,1.11762
EUR_USD,1640000553.0,1.11745,1.11753
EUR_USD,1640000554.0,1.1173,1.11738
EUR_USD,1640000555.0,1.11721,1.11729
EUR_USD,1640000556.0,1.11714,1.11722
EUR_USD,1640000557.0,1.11715,1.11723
EUR_USD,1640000558.0,1.11726,1.11734
EUR_USD,1640000559.0,1.11746,1.11754
EUR_USD,1640000560.0,1.11754,1.11762
EUR_USD,1640000561.0,1.11726,1.11734
EUR_USD,1640000562.0,1.1173,1.11738
EUR_USD,1640000563.0,1.11745,1.11753
EUR_USD,1640000564.0,1.11742,1.1175
EUR_USD,1640000565.0,1.1175,1.11758
EUR_USD,1640000566.0,1.11765,1.11773
EUR_USD,1640000567.0,1.11766,1.11774
EUR_USD,1640000568.0,1.11757,1.11765
EUR_USD,1640000569.0,1.11776,1.11784
EUR_USD,1640000570.0,1.11791,1.11799
EUR_USD,1640000571.0,1.11811,1.11819
EUR_USD,1640000572.0,1.11827,1.11835
EUR_USD,1640000573.0,1.11829,1.11837
EUR_USD,1640000574.0,1.1182,1.11828
EUR_USD,1640000575.0,1.11838,1.11846
EUR_USD,1640000576.0,1.11831,1.11839
EUR_USD,1640000577.0,1.11819,1.11827
EUR_USD,1640000578.0,1.11822,1.1183
EUR_USD,1640000579.0,1.11847,1.11855
EUR_USD,1640000580.0,1.11858,1.11866
EUR_USD,1640000581.0,1.11837,1.11845
EUR_USD,1640000582.0,1.11841,1.11849
EUR_USD,1640000583.0,1.11869,1.11877
EUR_USD,1640000584.0,1.11871,1.11879
EUR_USD,1640000585.0,1.11892,1.119
EUR_USD,1640000586.0,1.11917,1.11925
EUR_USD,1640000587.0,1.11911,1.11919
EUR_USD,1640000588.0,1.11924,1.11932
EUR_USD,1640000589.0,1.11942,1.1195
EUR_USD,1640000590.0,1.11937,1.11945
EUR_USD,1640000591.0,1.11948,1.11956
EUR_USD,1640000592.0,1.11955,1.11963
EUR_USD,1640000593.0,1.11956,1.11964
EUR_USD,1640000594.0,1.11959,1.11967
EUR_USD,1640000595.0,1.11983,1.11991
EUR_USD,1640000596.0,1.11982,1.1199
EUR_USD,1640000597.0,1.11969,1.11977
EUR_USD,1640000598.0,1.1197,1.11978
EUR_USD,1640000599.0,1.11988,1.11996
EUR_USD,1640000600.0,1.12012,1.1202
EUR_USD,1640000601.0,1.12083,1.12091
EUR_USD,1640000602.0,1.12053,1.12061
EUR_USD,1640000603.0,1.12036,1.12044
EUR_USD,1640000604.0,1.12033,1.12041
EUR_USD,1640000605.0,1.12036,1.12044
EUR_USD,1640000606.0,1.12039,1.12047
EUR_USD,1640000607.0,1.12022,1.1203
EUR_USD,1640000608.0,1.1201,1.12018
EUR_USD,1640000609.0,1.1199,1.11998
EUR_USD,1640000610.0,1.12003,1.12011
EUR_USD,1640000611.0,1.12004,1.12012
EUR_USD,1640000612.0,1.12006,1.12014
EUR_USD,1640000613.0,1.12028,1.12036
EUR_USD,1640000614.0,1.11987,1.11995
EUR_USD,1640000615.0,1.1204,1.12048
EUR_USD,1640000616.0,1.12055,1.12063
EUR_USD,1640000617.0,1.12027,1.12035
EUR_USD,1640000618.0,1.12024,1.12032
EUR_USD,1640000619.0,1.11992,1.12
EUR_USD,1640000620.0,1.1203,1.12038
EUR_USD,1640000621.0,1.12029,1.12037
EUR_USD,1640000622.0,1.11984,1.11992
EUR_USD,1640000623.0,1.1196,1.11968
EUR_USD,1640000624.0,1.12015,1.12023
EUR_USD,1640000625.0,1.12036,1.12044
EUR_USD,1640000626.0,1.12013,1.12021
EUR_USD,1640000627.0,1.12024,1.12032
EUR_USD,1640000628.0,1.12046,1.12054
EUR_USD,1640000629.0,1.12068,1.12076
EUR_USD,1640000630.0,1.12069,1.12077
EUR_USD,1640000631.0,1.12085,1.12093
EUR_USD,1640000632.0,1.1207,1.12078
EUR_USD,1640000633.0,1.12073,1.12081
EUR_USD,1640000634.0,1.12079,1.12087
EUR_USD,1640000635.0,1.12083,1.12091
EUR_USD,1640000636.0,1.12057,1.12065
EUR_USD,1640000637.0,1.12082,1.1209
EUR_USD,1640000638.0,1.12088,1.12096
EUR_USD,1640000639.0,1.12071,1.12079
EUR_USD,1640000640.0,1.12065,1.12073
EUR_USD,1640000641.0,1.12088,1.12096
EUR_USD,1640000642.0,1.12088,1.12096
EUR_USD,1640000643.0,1.1206,1.12068
EUR_USD,1640000644.0,1.12062,1.1207
EUR_USD,1640000645.0,1.12088,1.12096
EUR_USD,1640000646.0,1.12066,1.12074
EUR_USD,1640000647.0,1.12088,1.12096
EUR_USD,1640000648.0,1.12088,1.12096
EUR_USD,1640000649.0,1.12088,1.12096
EUR_USD,1640000650.0,1.12063,1.12071
EUR_USD,1640000651.0,1.1207,1.12078
EUR_USD,1640000652.0,1.1204,1.12048
EUR_USD,1640000653.0,1.12062,1.1207
EUR_USD,1640000654.0,1.12081,1.12089
EUR_USD,1640000655.0,1.12088,1.12096
EUR_USD,1640000656.0,1.12088,1.12096
EUR_USD,1640000657.0,1.12047,1.12055
EUR_USD,1640000658.0,1.12079,1.12087
EUR_USD,1640000659.0,1.12088,1.12096
EUR_USD,1640000660.0,1.12067,1.12075
EUR_USD,1640000661.0,1.12074,1.12082
EUR_USD,1640000662.0,1.12057,1.12065
EUR_USD,1640000663.0,1.12066,1.12074
EUR_USD,1640000664.0,1.12066,1.12074
EUR_USD,1640000665.0,1.12088,1.12096
EUR_USD,1640000666.0,1.12088,1.12096
EUR_USD,1640000667.0,1.12083,1.12091
EUR_USD,1640000668.0,1.12079,1.12087
EUR_USD,1640000669.0,1.1208,1.12088
EUR_USD,1640000670.0,1.12088,1.12096
EUR_USD,1640000671.0,1.12088,1.12096
EUR_USD,1640000672.0,1.12081,1.12089
EUR_USD,1640000673.0,1.12058,1.12066
EUR_USD,1640000674.0,1.12018,1.12026
EUR_USD,1640000675.0,1.11988,1.11996
EUR_USD,1640000676.0,1.11997,1.12005
EUR_USD,1640000677.0,1.11982,1.1199
EUR_USD,1640000678.0,1.11948,1.11956
EUR_USD,1640000679.0,1.11912,1.1192
EUR_USD,1640000680.0,1.11918,1.11926
EUR_USD,1640000681.0,1.11928,1.11936
EUR_USD,1640000682.0,1.11976,1.11984
EUR_USD,1640000683.0,1.1196,1.11968
EUR_USD,1640000684.0,1.11973,1.11981
EUR_USD,1640000685.0,1.12021,1.12029
EUR_USD,1640000686.0,1.11993,1.12001
EUR_USD,1640000687.0,1.11994,1.12002
EUR_USD,1640000688.0,1.12009,1.12017
EUR_USD,1640000689.0,1.1201,1.12018
EUR_USD,1640000690.0,1.11976,1.11984
EUR_USD,1640000691.0,1.11935,1.11943
EUR_USD,1640000692.0,1.11917,1.11925
EUR_USD,1640000693.0,1.11934,1.11942
EUR_USD,1640000694.0,1.11888,1.11896
EUR_USD,1640000695.0,1.11888,1.11896
EUR_USD,1640000696.0,1.1191,1.11918
EUR_USD,1640000697.0,1.1193,1.11938
EUR_USD,1640000698.0,1.11888,1.11896
EUR_USD,1640000699.0,1.11891,1.11899
EUR_USD,1640000700.0,1.11894,1.11902
EUR_USD,1640000701.0,1.1192,1.11928
EUR_USD,1640000702.0,1.11926,1.11934
EUR_USD,1640000703.0,1.11919,1.11927
EUR_USD,1640000704.0,1.11949,1.11957
EUR_USD,1640000705.0,1.1197,1.11978
EUR_USD,1640000706.0,1.11974,1.11982
EUR_USD,1640000707.0,1.1196,1.11968
EUR_USD,1640000708.0,1.11936,1.11944
EUR_USD,1640000709.0,1.11962,1.1197
EUR_USD,1640000710.0,1.11966,1.11974
EUR_USD,1640000711.0,1.12011,1.12019
EUR_USD,1640000712.0,1.12026,1.12034
EUR_USD,1640000713.0,1.11981,1.11989
EUR_USD,1640000714.0,1.12008,1.12016
EUR_USD,1640000715.0,1.11975,1.11983
EUR_USD,1640000716.0,1.11946,1.11954
EUR_USD,1640000717.0,1.11955,1.11963
EUR_USD,1640000718.0,1.1198,1.11988
EUR_USD,1640000719.0,1.11942,1.1195
EUR_USD,1640000720.0,1.11942,1.1195
EUR_USD,1640000721.0,1.11944,1.11952
EUR_USD,1640000722.0,1.11906,1.11914
EUR_USD,1640000723.0,1.1194,1.11948
EUR_USD,1640000724.0,1.11971,1.11979
EUR_USD,1640000725.0,1.11917,1.11925
EUR_USD,1640000726.0,1.11925,1.11933
EUR_USD,1640000727.0,1.11938,1.11946
EUR_USD,1640000728.0,1.1196,1.11968
EUR_USD,1640000729.0,1.11916,1.11924
EUR_USD,1640000730.0,1.11955,1.11963
EUR_USD,1640000731.0,1.11958,1.11966
EUR_USD,1640000732.0,1.11977,1.11985
EUR_USD,1640000733.0,1.11965,1.11973
EUR_USD,1640000734.0,1.11985,1.11993
EUR_USD,1640000735.0,1.11989,1.11997
EUR_USD,1640000736.0,1.11959,1.11967
EUR_USD,1640000737.0,1.11961,1.11969
EUR_USD,1640000738.0,1.11926,1.11934
EUR_USD,1640000739.0,1.11901,1.11909
EUR_USD,1640000740.0,1.1192,1.11928
EUR_USD,1640000741.0,1.11928,1.11936
EUR_USD,1640000742.0,1.11937,1.11945
EUR_USD,1640000743.0,1.11942,1.1195
EUR_USD,1640000744.0,1.11898,1.11906
EUR_USD,1640000745.0,1.11904,1.11912
EUR_USD,1640000746.0,1.11905,1.11913
EUR_USD,1640000747.0,1.11913,1.11921
EUR_USD,1640000748.0,1.11888,1.11896
EUR_USD,1640000749.0,1.11897,1.11905
EUR_USD,1640000750.0,1.11888,1.11896
EUR_USD,1640000751.0,1.11888,1.11896
EUR_USD,1640000752.0,1.11888,1.11896
EUR_USD,1640000753.0,1.11888,1.11896
EUR_USD,1640000754.0,1.11888,1.11896
EUR_USD,1640000755.0,1.11888,1.11896
EUR_USD,1640000756.0,1.11903,1.11911
EUR_USD,1640000757.0,1.11929,1.11937
EUR_USD,1640000758.0,1.11942,1.1195
EUR_USD,1640000759.0,1.11933,1.11941
EUR_USD,1640000760.0,1.11955,1.11963
EUR_USD,1640000761.0,1.11955,1.11963
EUR_USD,1640000762.0,1.11951,1.11959
EUR_USD,1640000763.0,1.1192,1.11928
EUR_USD,1640000764.0,1.11929,1.11937
EUR_USD,1640000765.0,1.11916,1.11924
EUR_USD,1640000766.0,1.119,1.11908
EUR_USD,1640000767.0,1.11888,1.11896
EUR_USD,1640000768.0,1.11895,1.11903
EUR_USD,1640000769.0,1.11888,1.11896
EUR_USD,1640000770.0,1.11888,1.11896
EUR_USD,1640000771.0,1.11918,1.11926
EUR_USD,1640000772.0,1.11967,1.11975
EUR_USD,1640000773.0,1.11941,1.11949
EUR_USD,1640000774.0,1.11959,1.11967
EUR_USD,1640000775.0,1.11942,1.1195
EUR_USD,1640000776.0,1.11951,1.11959
EUR_USD,1640000777.0,1.119,1.11908
EUR_USD,1640000778.0,1.11893,1.11901
EUR_USD,1640000779.0,1.11888,1.11896
EUR_USD,1640000780.0,1.11888,1.11896
EUR_USD,1640000781.0,1.11927,1.11935
EUR_USD,1640000782.0,1.11946,1.11954
EUR_USD,1640000783.0,1.11965,1.11973
EUR_USD,1640000784.0,1.11957,1.11965
EUR_USD,1640000785.0,1.11969,1.11977
EUR_USD,1640000786.0,1.1196,1.11968
EUR_USD,1640000787.0,1.11916,1.11924
EUR_USD,1640000788.0,1.11929,1.11937
EUR_USD,1640000789.0,1.11904,1.11912
EUR_USD,1640000790.0,1.11947,1.11955
EUR_USD,1640000791.0,1.11946,1.11954
EUR_USD,1640000792.0,1.11963,1.11971
EUR_USD,1640000793.0,1.11921,1.11929
EUR_USD,1640000794.0,1.11907,1.11915
EUR_USD,1640000795.0,1.11956,1.11964
EUR_USD,1640000796.0,1.11972,1.1198
EUR_USD,1640000797.0,1.1192,1.11928
EUR_USD,1640000798.0,1.11917,1.11925
EUR_USD,1640000799.0,1.11892,1.119
EUR_USD,1640000800.0,1.11942,1.1195
EUR_USD,1640000801.0,1.1191,1.11918
EUR_USD,1640000802.0,1.11928,1.11936
EUR_USD,1640000803.0,1.11961,1.11969
EUR_USD,1640000804.0,1.12017,1.12025
EUR_USD,1640000805.0,1.12017,1.12025
EUR_USD,1640000806.0,1.12052,1.1206
EUR_USD,1640000807.0,1.12055,1.12063
EUR_USD,1640000808.0,1.12081,1.12089
EUR_USD,1640000809.0,1.12088,1.12096
EUR_USD,1640000810.0,1.12069,1.12077
EUR_USD,1640000811.0,1.12033,1.12041
EUR_USD,1640000812.0,1.12058,1.12066
EUR_USD,1640000813.0,1.12049,1.12057
EUR_USD,1640000814.0,1.12088,1.12096
EUR_USD,1640000815.0,1.12088,1.12096
EUR_USD,1640000816.0,1.12088,1.12096
EUR_USD,1640000817.0,1.1208,1.12088
EUR_USD,1640000818.0,1.12088,1.12096
EUR_USD,1640000819.0,1.12088,1.12096
EUR_USD,1640000820.0,1.12088,1.12096
EUR_USD,1640000821.0,1.12078,1.12086
EUR_USD,1640000822.0,1.12068,1.12076
EUR_USD,1640000823.0,1.12039,1.12047
EUR_USD,1640000824.0,1.12007,1.12015
EUR_USD,1640000825.0,1.11972,1.1198
EUR_USD,1640000826.0,1.11964,1.11972
EUR_USD,1640000827.0,1.11969,1.11977
EUR_USD,1640000828.0,1.11953,1.11961
EUR_USD,1640000829.0,1.12017,1.12025
EUR_USD,1640000830.0,1.12015,1.12023
EUR_USD,1640000831.0,1.12043,1.12051
EUR_USD,1640000832.0,1.12052,1.1206
EUR_USD,1640000833.0,1.12087,1.12095
EUR_USD,1640000834.0,1.12069,1.12077
EUR_USD,1640000835.0,1.12032,1.1204
EUR_USD,1640000836.0,1.12056,1.12064
EUR_USD,1640000837.0,1.12037,1.12045
EUR_USD,1640000838.0,1.1202,1.12028
EUR_USD,1640000839.0,1.12025,1.12033
EUR_USD,1640000840.0,1.12033,1.12041
EUR_USD,1640000841.0,1.12072,1.1208
EUR_USD,1640000842.0,1.12042,1.1205
EUR_USD,1640000843.0,1.12046,1.12054
EUR_USD,1640000844.0,1.12088,1.12096
EUR_USD,1640000845.0,1.12056,1.12064
EUR_USD,1640000846.0,1.12031,1.12039
EUR_USD,1640000847.0,1.12035,1.12043
EUR_USD,1640000848.0,1.11971,1.11979
EUR_USD,1640000849.0,1.11998,1.12006
EUR_USD,1640000850.0,1.12054,1.12062
EUR_USD,1640000851.0,1.12048,1.12056
EUR_USD,1640000852.0,1.12086,1.12094
EUR_USD,1640000853.0,1.12055,1.12063
EUR_USD,1640000854.0,1.12078,1.12086
EUR_USD,1640000855.0,1.12042,1.1205
EUR_USD,1640000856.0,1.1206,1.12068
EUR_USD,1640000857.0,1.12074,1.12082
EUR_USD,1640000858.0,1.12088,1.12096
EUR_USD,1640000859.0,1.12067,1.12075
EUR_USD,1640000860.0,1.12067,1.12075
EUR_USD,1640000861.0,1.12088,1.12096
EUR_USD,1640000862.0,1.12065,1.12073
EUR_USD,1640000863.0,1.12055,1.12063
EUR_USD,1640000864.0,1.12069,1.12077
EUR_USD,1640000865.0,1.12069,1.12077
EUR_USD,1640000866.0,1.12054,1.12062
EUR_USD,1640000867.0,1.1206,1.12068
EUR_USD,1640000868.0,1.12088,1.12096
EUR_USD,1640000869.0,1.12088,1.12096
EUR_USD,1640000870.0,1.12088,1.12096
EUR_USD,1640000871.0,1.12066,1.12074
EUR_USD,1640000872.0,1.12043,1.12051
EUR_USD,1640000873.0,1.11989,1.11997
EUR_USD,1640000874.0,1.11941,1.11949
EUR_USD,1640000875.0,1.11947,1.11955
EUR_USD,1640000876.0,1.12011,1.12019
EUR_USD,1640000877.0,1.12013,1.12021
EUR_USD,1640000878.0,1.12007,1.12015
EUR_USD,1640000879.0,1.12022,1.1203
EUR_USD,1640000880.0,1.11996,1.12004
EUR_USD,1640000881.0,1.1193,1.11938
EUR_USD,1640000882.0,1.11981,1.11989
EUR_USD,1640000883.0,1.11972,1.1198
EUR_USD,1640000884.0,1.11981,1.11989
EUR_USD,1640000885.0,1.11968,1.11976
EUR_USD,1640000886.0,1.11947,1.11955
EUR_USD,1640000887.0,1.11983,1.11991
EUR_USD,1640000888.0,1.12016,1.12024
EUR_USD,1640000889.0,1.12034,1.12042
EUR_USD,1640000890.0,1.12045,1.12053
EUR_USD,1640000891.0,1.1206,1.12068
EUR_USD,1640000892.0,1.12057,1.12065
EUR_USD,1640000893.0,1.12057,1.12065
EUR_USD,1640000894.0,1.12006,1.12014
EUR_USD,1640000895.0,1.1201,1.12018
EUR_USD,1640000896.0,1.12005,1.12013
EUR_USD,1640000897.0,1.12021,1.12029
EUR_USD,1640000898.0,1.12034,1.12042
EUR_USD,1640000899.0,1.12034,1.12042
EUR_USD,1640000900.0,1.12037,1.12045
EUR_USD,1640000901.0,1.12048,1.12056
EUR_USD,1640000902.0,1.11998,1.12006
EUR_USD,1640000903.0,1.11947,1.11955
EUR_USD,1640000904.0,1.11998,1.12006
EUR_USD,1640000905.0,1.12013,1.12021
EUR_USD,1640000906.0,1.11996,1.12004
EUR_USD,1640000907.0,1.11995,1.12003
EUR_USD,1640000908.0,1.12017,1.12025
EUR_USD,1640000909.0,1.11971,1.11979
EUR_USD,1640000910.0,1.11982,1.1199
EUR_USD,1640000911.0,1.11986,1.11994
EUR_USD,1640000912.0,1.12016,1.12024
EUR_USD,1640000913.0,1.11966,1.11974
EUR_USD,1640000914.0,1.11959,1.11967
EUR_USD,1640000915.0,1.11971,1.11979
EUR_USD,1640000916.0,1.11983,1.11991
EUR_USD,1640000917.0,1.11981,1.11989
EUR_USD,1640000918.0,1.11966,1.11974
EUR_USD,1640000919.0,1.11959,1.11967
EUR_USD,1640000920.0,1.11965,1.11973
EUR_USD,1640000921.0,1.11964,1.11972
EUR_USD,1640000922.0,1.11931,1.11939
EUR_USD,1640000923.0,1.11928,1.11936
EUR_USD,1640000924.0,1.11888,1.11896
EUR_USD,1640000925.0,1.11888,1.11896
EUR_USD,1640000926.0,1.11902,1.1191
EUR_USD,1640000927.0,1.11933,1.11941
EUR_USD,1640000928.0,1.11913,1.11921
EUR_USD,1640000929.0,1.11925,1.11933
EUR_USD,1640000930.0,1.11952,1.1196
EUR_USD,1640000931.0,1.11968,1.11976
EUR_USD,1640000932.0,1.11988,1.11996
EUR_USD,1640000933.0,1.12,1.12008
EUR_USD,1640000934.0,1.11985,1.11993
EUR_USD,1640000935.0,1.11962,1.1197
EUR_USD,1640000936.0,1.11966,1.11974
EUR_USD,1640000937.0,1.11935,1.11943
EUR_USD,1640000938.0,1.11944,1.11952
EUR_USD,1640000939.0,1.11959,1.11967
EUR_USD,1640000940.0,1.11989,1.11997
EUR_USD,1640000941.0,1.12029,1.12037
EUR_USD,1640000942.0,1.11988,1.11996
EUR_USD,1640000943.0,1.11969,1.11977
EUR_USD,1640000944.0,1.11966,1.11974
EUR_USD,1640000945.0,1.11925,1.11933
EUR_USD,1640000946.0,1.11939,1.11947
EUR_USD,1640000947.0,1.11908,1.11916
EUR_USD,1640000948.0,1.11931,1.11939
EUR_USD,1640000949.0,1.11927,1.11935
EUR_USD,1640000950.0,1.11911,1.11919
EUR_USD,1640000951.0,1.11898,1.11906
EUR_USD,1640000952.0,1.11888,1.11896
EUR_USD,1640000953.0,1.11888,1.11896
EUR_USD,1640000954.0,1.11911,1.11919
EUR_USD,1640000955.0,1.1191,1.11918
EUR_USD,1640000956.0,1.11943,1.11951
EUR_USD,1640000957.0,1.11926,1.11934
EUR_USD,1640000958.0,1.11903,1.11911
EUR_USD,1640000959.0,1.11909,1.11917
EUR_USD,1640000960.0,1.11919,1.11927
EUR_USD,1640000961.0,1.1191,1.11918
EUR_USD,1640000962.0,1.1194,1.11948
EUR_USD,1640000963.0,1.11929,1.11937
EUR_USD,1640000964.0,1.11933,1.11941
EUR_USD,1640000965.0,1.11917,1.11925
EUR_USD,1640000966.0,1.11903,1.11911
EUR_USD,1640000967.0,1.11888,1.11896
EUR_USD,1640000968.0,1.11888,1.11896
EUR_USD,1640000969.0,1.11888,1.11896
EUR_USD,1640000970.0,1.11904,1.11912
EUR_USD,1640000971.0,1.11928,1.11936
EUR_USD,1640000972.0,1.11937,1.11945
EUR_USD,1640000973.0,1.11933,1.11941
EUR_USD,1640000974.0,1.11907,1.11915
EUR_USD,1640000975.0,1.11897,1.11905
EUR_USD,1640000976.0,1.11888,1.11896
EUR_USD,1640000977.0,1.11892,1.119
EUR_USD,1640000978.0,1.11911,1.11919
EUR_USD,1640000979.0,1.11898,1.11906
EUR_USD,1640000980.0,1.11888,1.11896
EUR_USD,1640000981.0,1.11917,1.11925
EUR_USD,1640000982.0,1.1192,1.11928
EUR_USD,1640000983.0,1.11888,1.11896
EUR_USD,1640000984.0,1.11888,1.11896
EUR_USD,1640000985.0,1.11903,1.11911
EUR_USD,1640000986.0,1.11907,1.11915
EUR_USD,1640000987.0,1.11932,1.1194
EUR_USD,1640000988.0,1.11915,1.11923
EUR_USD,1640000989.0,1.1189,1.11898
EUR_USD,1640000990.0,1.11896,1.11904
EUR_USD,1640000991.0,1.11901,1.11909
EUR_USD,1640000992.0,1.1193,1.11938
EUR_USD,1640000993.0,1.11937,1.11945
EUR_USD,1640000994.0,1.11944,1.11952
EUR_USD,1640000995.0,1.11923,1.11931
EUR_USD,1640000996.0,1.11888,1.11896
EUR_USD,1640000997.0,1.11898,1.11906
EUR_USD,1640000998.0,1.11905,1.11913
EUR_USD,1640000999.0,1.11913,1.11921
EUR_USD,1640001000.0,1.1196,1.11968
EUR_USD,1640001001.0,1.11945,1.11953
EUR_USD,1640001002.0,1.11967,1.11975
EUR_USD,1640001003.0,1.11986,1.11994
EUR_USD,1640001004.0,1.1197,1.11978
EUR_USD,1640001005.0,1.11982,1.1199
EUR_USD,1640001006.0,1.11973,1.11981
EUR_USD,1640001007.0,1.11988,1.11996
EUR_USD,1640001008.0,1.1197,1.11978
EUR_USD,1640001009.0,1.11992,1.12
EUR_USD,1640001010.0,1.1197,1.11978
EUR_USD,1640001011.0,1.11964,1.11972
EUR_USD,1640001012.0,1.11969,1.11977
EUR_USD,1640001013.0,1.11946,1.11954
EUR_USD,1640001014.0,1.11932,1.1194
EUR_USD,1640001015.0,1.11946,1.11954
EUR_USD,1640001016.0,1.11949,1.11957
EUR_USD,1640001017.0,1.11964,1.11972
EUR_USD,1640001018.0,1.11967,1.11975
EUR_USD,1640001019.0,1.11987,1.11995
EUR_USD,1640001020.0,1.11968,1.11976
EUR_USD,1640001021.0,1.11971,1.11979
EUR_USD,1640001022.0,1.11969,1.11977
EUR_USD,1640001023.0,1.11913,1.11921
EUR_USD,1640001024.0,1.11948,1.11956
EUR_USD,1640001025.0,1.11932,1.1194
EUR_USD,1640001026.0,1.11904,1.11912
EUR_USD,1640001027.0,1.11907,1.11915
EUR_USD,1640001028.0,1.11943,1.11951
EUR_USD,1640001029.0,1.11981,1.11989
EUR_USD,1640001030.0,1.11969,1.11977
EUR_USD,1640001031.0,1.11969,1.11977
EUR_USD,1640001032.0,1.12036,1.12044
EUR_USD,1640001033.0,1.12004,1.12012
EUR_USD,1640001034.0,1.12062,1.1207
EUR_USD,1640001035.0,1.12055,1.12063
EUR_USD,1640001036.0,1.12041,1.12049
EUR_USD,1640001037.0,1.12009,1.12017
EUR_USD,1640001038.0,1.1203,1.12038
EUR_USD,1640001039.0,1.11993,1.12001
EUR_USD,1640001040.0,1.12041,1.12049
EUR_USD,1640001041.0,1.12065,1.12073
EUR_USD,1640001042.0,1.12027,1.12035
EUR_USD,1640001043.0,1.12033,1.12041
EUR_USD,1640001044.0,1.1202,1.12028
EUR_USD,1640001045.0,1.12041,1.12049
EUR_USD,1640001046.0,1.12074,1.12082
EUR_USD,1640001047.0,1.12088,1.12096
EUR_USD,1640001048.0,1.12058,1.12066
EUR_USD,1640001049.0,1.12072,1.1208
EUR_USD,1640001050.0,1.1208,1.12088
EUR_USD,1640001051.0,1.12056,1.12064
EUR_USD,1640001052.0,1.12088,1.12096
EUR_USD,1640001053.0,1.12063,1.12071
EUR_USD,1640001054.0,1.12088,1.12096
EUR_USD,1640001055.0,1.12074,1.12082
EUR_USD,1640001056.0,1.12081,1.12089
EUR_USD,1640001057.0,1.12088,1.12096
EUR_USD,1640001058.0,1.12088,1.12096
EUR_USD,1640001059.0,1.12065,1.12073
EUR_USD,1640001060.0,1.12088,1.12096
EUR_USD,1640001061.0,1.12088,1.12096
EUR_USD,1640001062.0,1.12057,1.12065
EUR_USD,1640001063.0,1.12008,1.12016
EUR_USD,1640001064.0,1.12011,1.12019
EUR_USD,1640001065.0,1.11993,1.12001
EUR_USD,1640001066.0,1.11996,1.12004
EUR_USD,1640001067.0,1.11981,1.11989
EUR_USD,1640001068.0,1.11991,1.11999
EUR_USD,1640001069.0,1.12013,1.12021
EUR_USD,1640001070.0,1.12005,1.12013
EUR_USD,1640001071.0,1.12022,1.1203
EUR_USD,1640001072.0,1.12002,1.1201
EUR_USD,1640001073.0,1.12019,1.12027
EUR_USD,1640001074.0,1.12067,1.12075
EUR_USD,1640001075.0,1.12088,1.12096
EUR_USD,1640001076.0,1.12077,1.12085
EUR_USD,1640001077.0,1.12015,1.12023
EUR_USD,1640001078.0,1.12026,1.12034
EUR_USD,1640001079.0,1.12014,1.12022
EUR_USD,1640001080.0,1.12006,1.12014
EUR_USD,1640001081.0,1.1201,1.12018
EUR_USD,1640001082.0,1.12026,1.12034
EUR_USD,1640001083.0,1.12048,1.12056
EUR_USD,1640001084.0,1.12077,1.12085
EUR_USD,1640001085.0,1.12054,1.12062
EUR_USD,1640001086.0,1.12046,1.12054
EUR_USD,1640001087.0,1.12011,1.12019
EUR_USD,1640001088.0,1.1204,1.12048
EUR_USD,1640001089.0,1.12033,1.12041
EUR_USD,1640001090.0,1.11997,1.12005
EUR_USD,1640001091.0,1.12012,1.1202
EUR_USD,1640001092.0,1.12032,1.1204
EUR_USD,1640001093.0,1.12042,1.1205
EUR_USD,1640001094.0,1.1204,1.12048
EUR_USD,1640001095.0,1.12008,1.12016
EUR_USD,1640001096.0,1.12011,1.12019
EUR_USD,1640001097.0,1.11991,1.11999
EUR_USD,1640001098.0,1.11969,1.11977
EUR_USD,1640001099.0,1.11987,1.11995
EUR_USD,1640001100.0,1.11984,1.11992
EUR_USD,1640001101.0,1.11995,1.12003
EUR_USD,1640001102.0,1.11977,1.11985
EUR_USD,1640001103.0,1.11968,1.11976
EUR_USD,1640001104.0,1.11941,1.11949
EUR_USD,1640001105.0,1.11967,1.11975
EUR_USD,1640001106.0,1.11982,1.1199
EUR_USD,1640001107.0,1.11964,1.11972
EUR_USD,1640001108.0,1.1198,1.11988
EUR_USD,1640001109.0,1.11982,1.1199
EUR_USD,1640001110.0,1.11944,1.11952
EUR_USD,1640001111.0,1.11941,1.11949
EUR_USD,1640001112.0,1.11929,1.11937
EUR_USD,1640001113.0,1.11948,1.11956
EUR_USD,1640001114.0,1.11943,1.11951
EUR_USD,1640001115.0,1.11962,1.1197
EUR_USD,1640001116.0,1.1194,1.11948
EUR_USD,1640001117.0,1.11932,1.1194
EUR_USD,1640001118.0,1.11931,1.11939
EUR_USD,1640001119.0,1.11894,1.11902
EUR_USD,1640001120.0,1.11901,1.11909
EUR_USD,1640001121.0,1.11922,1.1193
EUR_USD,1640001122.0,1.11953,1.11961
EUR_USD,1640001123.0,1.11918,1.11926
EUR_USD,1640001124.0,1.11907,1.11915
EUR_USD,1640001125.0,1.11888,1.11896
EUR_USD,1640001126.0,1.11888,1.11896
EUR_USD,1640001127.0,1.11888,1.11896
EUR_USD,1640001128.0,1.11888,1.11896
EUR_USD,1640001129.0,1.11899,1.11907
EUR_USD,1640001130.0,1.11906,1.11914
EUR_USD,1640001131.0,1.11922,1.1193
EUR_USD,1640001132.0,1.11912,1.1192
EUR_USD,1640001133.0,1.11967,1.11975
EUR_USD,1640001134.0,1.11983,1.11991
EUR_USD,1640001135.0,1.11996,1.12004
EUR_USD,1640001136.0,1.11969,1.11977
EUR_USD,1640001137.0,1.11956,1.11964
EUR_USD,1640001138.0,1.11956,1.11964
EUR_USD,1640001139.0,1.11988,1.11996
EUR_USD,1640001140.0,1.11974,1.11982
EUR_USD,1640001141.0,1.11963,1.11971
EUR_USD,1640001142.0,1.11888,1.11896
EUR_USD,1640001143.0,1.11933,1.11941
EUR_USD,1640001144.0,1.11965,1.11973
EUR_USD,1640001145.0,1.11966,1.11974
EUR_USD,1640001146.0,1.11933,1.11941
EUR_USD,1640001147.0,1.11902,1.1191
EUR_USD,1640001148.0,1.11902,1.1191
EUR_USD,1640001149.0,1.11888,1.11896
EUR_USD,1640001150.0,1.11888,1.11896
EUR_USD,1640001151.0,1.11888,1.11896
EUR_USD,1640001152.0,1.11898,1.11906
EUR_USD,1640001153.0,1.11888,1.11896
EUR_USD,1640001154.0,1.11888,1.11896
EUR_USD,1640001155.0,1.11896,1.11904
EUR_USD,1640001156.0,1.11888,1.11896
EUR_USD,1640001157.0,1.11888,1.11896
EUR_USD,1640001158.0,1.11893,1.11901
EUR_USD,1640001159.0,1.11906,1.11914
EUR_USD,1640001160.0,1.11919,1.11927
EUR_USD,1640001161.0,1.11932,1.1194
EUR_USD,1640001162.0,1.11943,1.11951
EUR_USD,1640001163.0,1.11909,1.11917
EUR_USD,1640001164.0,1.11929,1.11937
EUR_USD,1640001165.0,1.11888,1.11896
EUR_USD,1640001166.0,1.11903,1.11911
EUR_USD,1640001167.0,1.11935,1.11943
EUR_USD,1640001168.0,1.11962,1.1197
EUR_USD,1640001169.0,1.11889,1.11897
EUR_USD,1640001170.0,1.11896,1.11904
EUR_USD,1640001171.0,1.11896,1.11904
EUR_USD,1640001172.0,1.11893,1.11901
EUR_USD,1640001173.0,1.11888,1.11896
EUR_USD,1640001174.0,1.11889,1.11897
EUR_USD,1640001175.0,1.11906,1.11914
EUR_USD,1640001176.0,1.11901,1.11909
EUR_USD,1640001177.0,1.11888,1.11896
EUR_USD,1640001178.0,1.11907,1.11915
EUR_USD,1640001179.0,1.11888,1.11896
EUR_USD,1640001180.0,1.11888,1.11896
EUR_USD,1640001181.0,1.11902,1.1191
EUR_USD,1640001182.0,1.11888,1.11896
EUR_USD,1640001183.0,1.11888,1.11896
EUR_USD,1640001184.0,1.11888,1.11896
EUR_USD,1640001185.0,1.11891,1.11899
EUR_USD,1640001186.0,1.11888,1.11896
EUR_USD,1640001187.0,1.11925,1.11933
EUR_USD,1640001188.0,1.11962,1.1197
EUR_USD,1640001189.0,1.1196,1.11968
EUR_USD,1640001190.0,1.11982,1.1199
EUR_USD,1640001191.0,1.11984,1.11992
EUR_USD,1640001192.0,1.12001,1.12009
EUR_USD,1640001193.0,1.12035,1.12043
EUR_USD,1640001194.0,1.12029,1.12037
EUR_USD,1640001195.0,1.12044,1.12052
EUR_USD,1640001196.0,1.11983,1.11991
EUR_USD,1640001197.0,1.11962,1.1197
EUR_USD,1640001198.0,1.11982,1.1199
EUR_USD,1640001199.0,1.12028,1.12036
