instrument,ts,bid,ask,mid
EUR_USD,1640000000.0,1.09999,1.10007,1.10003
EUR_USD,1640000001.0,1.1,1.10008,1.10004
EUR_USD,1640000002.0,1.09999,1.10007,1.10003
EUR_USD,1640000003.0,1.10001,1.10009,1.10005
EUR_USD,1640000004.0,1.10003,1.10011,1.10007
EUR_USD,1640000005.0,1.10003,1.10011,1.10007
EUR_USD,1640000006.0,1.09999,1.10007,1.10003
EUR_USD,1640000007.0,1.09998,1.10006,1.10002
EUR_USD,1640000008.0,1.10001,1.10009,1.10005
EUR_USD,1640000009.0,1.09999,1.10007,1.10003
EUR_USD,1640000010.0,1.09997,1.10005,1.10001
EUR_USD,1640000011.0,1.10002,1.1001,1.10006
EUR_USD,1640000012.0,1.10003,1.10011,1.10007
EUR_USD,1640000013.0,1.10004,1.10012,1.10008
EUR_USD,1640000014.0,1.10003,1.10011,1.10007
EUR_USD,1640000015.0,1.10004,1.10012,1.10008
EUR_USD,1640000016.0,1.10003,1.10011,1.10007
EUR_USD,1640000017.0,1.10003,1.10011,1.10007
EUR_USD,1640000018.0,1.10001,1.10009,1.10005
EUR_USD,1640000019.0,1.10007,1.10015,1.10011
EUR_USD,1640000020.0,1.1001,1.10018,1.10014
EUR_USD,1640000021.0,1.1001,1.10018,1.10014
EUR_USD,1640000022.0,1.10016,1.10024,1.1002
EUR_USD,1640000023.0,1.10025,1.10033,1.10029
EUR_USD,1640000024.0,1.10037,1.10045,1.10041
EUR_USD,1640000025.0,1.1004,1.10048,1.10044
EUR_USD,1640000026.0,1.10037,1.10045,1.10041
EUR_USD,1640000027.0,1.10035,1.10043,1.10039
EUR_USD,1640000028.0,1.10041,1.10049,1.10045
EUR_USD,1640000029.0,1.10034,1.10042,1.10038
EUR_USD,1640000030.0,1.10029,1.10037,1.10033
EUR_USD,1640000031.0,1.10038,1.10046,1.10042
EUR_USD,1640000032.0,1.10041,1.10049,1.10045
EUR_USD,1640000033.0,1.10049,1.10057,1.10053
EUR_USD,1640000034.0,1.1004,1.10048,1.10044
EUR_USD,1640000035.0,1.10039,1.10047,1.10043
EUR_USD,1640000036.0,1.10037,1.10045,1.10041
EUR_USD,1640000037.0,1.10043,1.10051,1.10047
EUR_USD,1640000038.0,1.10044,1.10052,1.10048
EUR_USD,1640000039.0,1.10039,1.10047,1.10043
EUR_USD,1640000040.0,1.10036,1.10044,1.1004
EUR_USD,1640000041.0,1.1003,1.10038,1.10034
EUR_USD,1640000042.0,1.10025,1.10033,1.10029
EUR_USD,1640000043.0,1.10015,1.10023,1.10019
EUR_USD,1640000044.0,1.10008,1.10016,1.10012
EUR_USD,1640000045.0,1.10009,1.10017,1.10013
EUR_USD,1640000046.0,1.10009,1.10017,1.10013
EUR_USD,1640000047.0,1.10011,1.10019,1.10015
EUR_USD,1640000048.0,1.10012,1.1002,1.10016
EUR_USD,1640000049.0,1.10009,1.10017,1.10013
EUR_USD,1640000050.0,1.10015,1.10023,1.10019
EUR_USD,1640000051.0,1.10005,1.10013,1.10009
EUR_USD,1640000052.0,1.10003,1.10011,1.10007
EUR_USD,1640000053.0,1.10001,1.10009,1.10005
EUR_USD,1640000054.0,1.09999,1.10007,1.10003
EUR_USD,1640000055.0,1.10005,1.10013,1.10009
EUR_USD,1640000056.0,1.10011,1.10019,1.10015
EUR_USD,1640000057.0,1.10014,1.10022,1.10018
EUR_USD,1640000058.0,1.10011,1.10019,1.10015
EUR_USD,1640000059.0,1.10009,1.10017,1.10013
EUR_USD,1640000060.0,1.10011,1.10019,1.10015
EUR_USD,1640000061.0,1.10014,1.10022,1.10018
EUR_USD,1640000062.0,1.10014,1.10022,1.10018
EUR_USD,1640000063.0,1.10014,1.10022,1.10018
EUR_USD,1640000064.0,1.10012,1.1002,1.10016
EUR_USD,1640000065.0,1.10016,1.10024,1.1002
EUR_USD,1640000066.0,1.10008,1.10016,1.10012
EUR_USD,1640000067.0,1.10007,1.10015,1.10011
EUR_USD,1640000068.0,1.10014,1.10022,1.10018
EUR_USD,1640000069.0,1.10011,1.10019,1.10015
EUR_USD,1640000070.0,1.10026,1.10034,1.1003
EUR_USD,1640000071.0,1.10026,1.10034,1.1003
EUR_USD,1640000072.0,1.10024,1.10032,1.10028
EUR_USD,1640000073.0,1.10022,1.1003,1.10026
EUR_USD,1640000074.0,1.10019,1.10027,1.10023
EUR_USD,1640000075.0,1.1002,1.10028,1.10024
EUR_USD,1640000076.0,1.10027,1.10035,1.10031
EUR_USD,1640000077.0,1.10027,1.10035,1.10031
EUR_USD,1640000078.0,1.10028,1.10036,1.10032
EUR_USD,1640000079.0,1.10027,1.10035,1.10031
EUR_USD,1640000080.0,1.1003,1.10038,1.10034
EUR_USD,1640000081.0,1.10033,1.10041,1.10037
EUR_USD,1640000082.0,1.10034,1.10042,1.10038
EUR_USD,1640000083.0,1.1004,1.10048,1.10044
EUR_USD,1640000084.0,1.1004,1.10048,1.10044
EUR_USD,1640000085.0,1.10046,1.10054,1.1005
EUR_USD,1640000086.0,1.10045,1.10053,1.10049
EUR_USD,1640000087.0,1.10047,1.10055,1.10051
EUR_USD,1640000088.0,1.10052,1.1006,1.10056
EUR_USD,1640000089.0,1.10055,1.10063,1.10059
EUR_USD,1640000090.0,1.10061,1.10069,1.10065
EUR_USD,1640000091.0,1.10064,1.10072,1.10068
EUR_USD,1640000092.0,1.10072,1.1008,1.10076
EUR_USD,1640000093.0,1.10073,1.10081,1.10077
EUR_USD,1640000094.0,1.10081,1.10089,1.10085
EUR_USD,1640000095.0,1.10086,1.10094,1.1009
EUR_USD,1640000096.0,1.10073,1.10081,1.10077
EUR_USD,1640000097.0,1.10083,1.10091,1.10087
EUR_USD,1640000098.0,1.10083,1.10091,1.10087
EUR_USD,1640000099.0,1.1009,1.10098,1.10094
EUR_USD,1640000100.0,1.10091,1.10099,1.10095
EUR_USD,1640000101.0,1.10087,1.10095,1.10091
EUR_USD,1640000102.0,1.10083,1.10091,1.10087
EUR_USD,1640000103.0,1.1009,1.10098,1.10094
EUR_USD,1640000104.0,1.10102,1.1011,1.10106
EUR_USD,1640000105.0,1.10101,1.10109,1.10105
EUR_USD,1640000106.0,1.10094,1.10102,1.10098
EUR_USD,1640000107.0,1.10099,1.10107,1.10103
EUR_USD,1640000108.0,1.10097,1.10105,1.10101
EUR_USD,1640000109.0,1.10093,1.10101,1.10097
EUR_USD,1640000110.0,1.10094,1.10102,1.10098
EUR_USD,1640000111.0,1.10097,1.10105,1.10101
EUR_USD,1640000112.0,1.10099,1.10107,1.10103
EUR_USD,1640000113.0,1.10098,1.10106,1.10102
EUR_USD,1640000114.0,1.10092,1.101,1.10096
EUR_USD,1640000115.0,1.10092,1.101,1.10096
EUR_USD,1640000116.0,1.10098,1.10106,1.10102
EUR_USD,1640000117.0,1.10105,1.10113,1.10109
EUR_USD,1640000118.0,1.10114,1.10122,1.10118
EUR_USD,1640000119.0,1.1011,1.10118,1.10114
EUR_USD,1640000120.0,1.10108,1.10116,1.10112
EUR_USD,1640000121.0,1.10111,1.10119,1.10115
EUR_USD,1640000122.0,1.10118,1.10126,1.10122
EUR_USD,1640000123.0,1.10118,1.10126,1.10122
EUR_USD,1640000124.0,1.10112,1.1012,1.10116
EUR_USD,1640000125.0,1.10105,1.10113,1.10109
EUR_USD,1640000126.0,1.10105,1.10113,1.10109
EUR_USD,1640000127.0,1.10107,1.10115,1.10111
EUR_USD,1640000128.0,1.10113,1.10121,1.10117
EUR_USD,1640000129.0,1.1012,1.10128,1.10124
EUR_USD,1640000130.0,1.10114,1.10122,1.10118
EUR_USD,1640000131.0,1.10124,1.10132,1.10128
EUR_USD,1640000132.0,1.10123,1.10131,1.10127
EUR_USD,1640000133.0,1.10109,1.10117,1.10113
EUR_USD,1640000134.0,1.10107,1.10115,1.10111
EUR_USD,1640000135.0,1.10104,1.10112,1.10108
EUR_USD,1640000136.0,1.10105,1.10113,1.10109
EUR_USD,1640000137.0,1.10104,1.10112,1.10108
EUR_USD,1640000138.0,1.10094,1.10102,1.10098
EUR_USD,1640000139.0,1.10093,1.10101,1.10097
EUR_USD,1640000140.0,1.10091,1.10099,1.10095
EUR_USD,1640000141.0,1.10091,1.10099,1.10095
EUR_USD,1640000142.0,1.10085,1.10093,1.10089
EUR_USD,1640000143.0,1.10086,1.10094,1.1009
EUR_USD,1640000144.0,1.10079,1.10087,1.10083
EUR_USD,1640000145.0,1.10088,1.10096,1.10092
EUR_USD,1640000146.0,1.10086,1.10094,1.1009
EUR_USD,1640000147.0,1.10091,1.10099,1.10095
EUR_USD,1640000148.0,1.10088,1.10096,1.10092
EUR_USD,1640000149.0,1.10088,1.10096,1.10092
EUR_USD,1640000150.0,1.10087,1.10095,1.10091
EUR_USD,1640000151.0,1.10092,1.101,1.10096
EUR_USD,1640000152.0,1.10095,1.10103,1.10099
EUR_USD,1640000153.0,1.10095,1.10103,1.10099
EUR_USD,1640000154.0,1.10097,1.10105,1.10101
EUR_USD,1640000155.0,1.10101,1.10109,1.10105
EUR_USD,1640000156.0,1.10114,1.10122,1.10118
EUR_USD,1640000157.0,1.10114,1.10122,1.10118
EUR_USD,1640000158.0,1.10117,1.10125,1.10121
EUR_USD,1640000159.0,1.10124,1.10132,1.10128
EUR_USD,1640000160.0,1.10129,1.10137,1.10133
EUR_USD,1640000161.0,1.10133,1.10141,1.10137
EUR_USD,1640000162.0,1.1013,1.10138,1.10134
EUR_USD,1640000163.0,1.10136,1.10144,1.1014
EUR_USD,1640000164.0,1.10146,1.10154,1.1015
EUR_USD,1640000165.0,1.10142,1.1015,1.10146
EUR_USD,1640000166.0,1.10134,1.10142,1.10138
EUR_USD,1640000167.0,1.10132,1.1014,1.10136
EUR_USD,1640000168.0,1.10124,1.10132,1.10128
EUR_USD,1640000169.0,1.10126,1.10134,1.1013
EUR_USD,1640000170.0,1.10127,1.10135,1.10131
EUR_USD,1640000171.0,1.10124,1.10132,1.10128
EUR_USD,1640000172.0,1.10128,1.10136,1.10132
EUR_USD,1640000173.0,1.10122,1.1013,1.10126
EUR_USD,1640000174.0,1.10118,1.10126,1.10122
EUR_USD,1640000175.0,1.10119,1.10127,1.10123
EUR_USD,1640000176.0,1.10121,1.10129,1.10125
EUR_USD,1640000177.0,1.10128,1.10136,1.10132
EUR_USD,1640000178.0,1.10134,1.10142,1.10138
EUR_USD,1640000179.0,1.1014,1.10148,1.10144
EUR_USD,1640000180.0,1.10149,1.10157,1.10153
EUR_USD,1640000181.0,1.10144,1.10152,1.10148
EUR_USD,1640000182.0,1.10139,1.10147,1.10143
EUR_USD,1640000183.0,1.10136,1.10144,1.1014
EUR_USD,1640000184.0,1.10136,1.10144,1.1014
EUR_USD,1640000185.0,1.10134,1.10142,1.10138
EUR_USD,1640000186.0,1.10145,1.10153,1.10149
EUR_USD,1640000187.0,1.10149,1.10157,1.10153
EUR_USD,1640000188.0,1.10145,1.10153,1.10149
EUR_USD,1640000189.0,1.10152,1.1016,1.10156
EUR_USD,1640000190.0,1.10148,1.10156,1.10152
EUR_USD,1640000191.0,1.10151,1.10159,1.10155
EUR_USD,1640000192.0,1.10152,1.1016,1.10156
EUR_USD,1640000193.0,1.10148,1.10156,1.10152
EUR_USD,1640000194.0,1.10149,1.10157,1.10153
EUR_USD,1640000195.0,1.1014,1.10148,1.10144
EUR_USD,1640000196.0,1.10147,1.10155,1.10151
EUR_USD,1640000197.0,1.10161,1.10169,1.10165
EUR_USD,1640000198.0,1.10167,1.10175,1.10171
EUR_USD,1640000199.0,1.1017,1.10178,1.10174
EUR_USD,1640000200.0,1.10161,1.10169,1.10165
EUR_USD,1640000201.0,1.10161,1.10169,1.10165
EUR_USD,1640000202.0,1.10165,1.10173,1.10169
EUR_USD,1640000203.0,1.10172,1.1018,1.10176
EUR_USD,1640000204.0,1.10164,1.10172,1.10168
EUR_USD,1640000205.0,1.10174,1.10182,1.10178
EUR_USD,1640000206.0,1.10178,1.10186,1.10182
EUR_USD,1640000207.0,1.10182,1.1019,1.10186
EUR_USD,1640000208.0,1.10185,1.10193,1.10189
EUR_USD,1640000209.0,1.10181,1.10189,1.10185
EUR_USD,1640000210.0,1.10183,1.10191,1.10187
EUR_USD,1640000211.0,1.10184,1.10192,1.10188
EUR_USD,1640000212.0,1.10182,1.1019,1.10186
EUR_USD,1640000213.0,1.10185,1.10193,1.10189
EUR_USD,1640000214.0,1.10173,1.10181,1.10177
EUR_USD,1640000215.0,1.10167,1.10175,1.10171
EUR_USD,1640000216.0,1.10164,1.10172,1.10168
EUR_USD,1640000217.0,1.10172,1.1018,1.10176
EUR_USD,1640000218.0,1.10172,1.1018,1.10176
EUR_USD,1640000219.0,1.10179,1.10187,1.10183
EUR_USD,1640000220.0,1.10176,1.10184,1.1018
EUR_USD,1640000221.0,1.10175,1.10183,1.10179
EUR_USD,1640000222.0,1.10173,1.10181,1.10177
EUR_USD,1640000223.0,1.10168,1.10176,1.10172
EUR_USD,1640000224.0,1.10172,1.1018,1.10176
EUR_USD,1640000225.0,1.1017,1.10178,1.10174
EUR_USD,1640000226.0,1.10175,1.10183,1.10179
EUR_USD,1640000227.0,1.10174,1.10182,1.10178
EUR_USD,1640000228.0,1.10183,1.10191,1.10187
EUR_USD,1640000229.0,1.10185,1.10193,1.10189
EUR_USD,1640000230.0,1.10185,1.10193,1.10189
EUR_USD,1640000231.0,1.10179,1.10187,1.10183
EUR_USD,1640000232.0,1.10199,1.10207,1.10203
EUR_USD,1640000233.0,1.10205,1.10213,1.10209
EUR_USD,1640000234.0,1.10213,1.10221,1.10217
EUR_USD,1640000235.0,1.10222,1.1023,1.10226
EUR_USD,1640000236.0,1.10226,1.10234,1.1023
EUR_USD,1640000237.0,1.10224,1.10232,1.10228
EUR_USD,1640000238.0,1.10229,1.10237,1.10233
EUR_USD,1640000239.0,1.10225,1.10233,1.10229
EUR_USD,1640000240.0,1.10235,1.10243,1.10239
EUR_USD,1640000241.0,1.10229,1.10237,1.10233
EUR_USD,1640000242.0,1.1023,1.10238,1.10234
EUR_USD,1640000243.0,1.10226,1.10234,1.1023
EUR_USD,1640000244.0,1.10214,1.10222,1.10218
EUR_USD,1640000245.0,1.10207,1.10215,1.10211
EUR_USD,1640000246.0,1.10205,1.10213,1.10209
EUR_USD,1640000247.0,1.10211,1.10219,1.10215
EUR_USD,1640000248.0,1.10211,1.10219,1.10215
EUR_USD,1640000249.0,1.1021,1.10218,1.10214
EUR_USD,1640000250.0,1.1021,1.10218,1.10214
EUR_USD,1640000251.0,1.10214,1.10222,1.10218
EUR_USD,1640000252.0,1.1021,1.10218,1.10214
EUR_USD,1640000253.0,1.10214,1.10222,1.10218
EUR_USD,1640000254.0,1.10209,1.10217,1.10213
EUR_USD,1640000255.0,1.10206,1.10214,1.1021
EUR_USD,1640000256.0,1.10208,1.10216,1.10212
EUR_USD,1640000257.0,1.1021,1.10218,1.10214
EUR_USD,1640000258.0,1.10201,1.10209,1.10205
EUR_USD,1640000259.0,1.10201,1.10209,1.10205
EUR_USD,1640000260.0,1.10211,1.10219,1.10215
EUR_USD,1640000261.0,1.10207,1.10215,1.10211
EUR_USD,1640000262.0,1.10204,1.10212,1.10208
EUR_USD,1640000263.0,1.10215,1.10223,1.10219
EUR_USD,1640000264.0,1.10212,1.1022,1.10216
EUR_USD,1640000265.0,1.10213,1.10221,1.10217
EUR_USD,1640000266.0,1.10219,1.10227,1.10223
EUR_USD,1640000267.0,1.10223,1.10231,1.10227
EUR_USD,1640000268.0,1.10219,1.10227,1.10223
EUR_USD,1640000269.0,1.10219,1.10227,1.10223
EUR_USD,1640000270.0,1.10224,1.10232,1.10228
EUR_USD,1640000271.0,1.10237,1.10245,1.10241
EUR_USD,1640000272.0,1.1025,1.10258,1.10254
EUR_USD,1640000273.0,1.10256,1.10264,1.1026
EUR_USD,1640000274.0,1.10248,1.10256,1.10252
EUR_USD,1640000275.0,1.10255,1.10263,1.10259
EUR_USD,1640000276.0,1.10261,1.10269,1.10265
EUR_USD,1640000277.0,1.10266,1.10274,1.1027
EUR_USD,1640000278.0,1.10267,1.10275,1.10271
EUR_USD,1640000279.0,1.10262,1.1027,1.10266
EUR_USD,1640000280.0,1.10259,1.10267,1.10263
EUR_USD,1640000281.0,1.10265,1.10273,1.10269
EUR_USD,1640000282.0,1.10267,1.10275,1.10271
EUR_USD,1640000283.0,1.10271,1.10279,1.10275
EUR_USD,1640000284.0,1.10272,1.1028,1.10276
EUR_USD,1640000285.0,1.10274,1.10282,1.10278
EUR_USD,1640000286.0,1.10277,1.10285,1.10281
EUR_USD,1640000287.0,1.10276,1.10284,1.1028
EUR_USD,1640000288.0,1.10278,1.10286,1.10282
EUR_USD,1640000289.0,1.10278,1.10286,1.10282
EUR_USD,1640000290.0,1.10275,1.10283,1.10279
EUR_USD,1640000291.0,1.1027,1.10278,1.10274
EUR_USD,1640000292.0,1.10283,1.10291,1.10287
EUR_USD,1640000293.0,1.10287,1.10295,1.10291
EUR_USD,1640000294.0,1.10287,1.10295,1.10291
EUR_USD,1640000295.0,1.10276,1.10284,1.1028
EUR_USD,1640000296.0,1.10273,1.10281,1.10277
EUR_USD,1640000297.0,1.10275,1.10283,1.10279
EUR_USD,1640000298.0,1.10277,1.10285,1.10281
EUR_USD,1640000299.0,1.1028,1.10288,1.10284
EUR_USD,1640000300.0,1.10276,1.10284,1.1028
EUR_USD,1640000301.0,1.10268,1.10276,1.10272
EUR_USD,1640000302.0,1.10269,1.10277,1.10273
EUR_USD,1640000303.0,1.10271,1.10279,1.10275
EUR_USD,1640000304.0,1.10269,1.10277,1.10273
EUR_USD,1640000305.0,1.10273,1.10281,1.10277
EUR_USD,1640000306.0,1.10274,1.10282,1.10278
EUR_USD,1640000307.0,1.10279,1.10287,1.10283
EUR_USD,1640000308.0,1.10276,1.10284,1.1028
EUR_USD,1640000309.0,1.10272,1.1028,1.10276
EUR_USD,1640000310.0,1.10267,1.10275,1.10271
EUR_USD,1640000311.0,1.10266,1.10274,1.1027
EUR_USD,1640000312.0,1.10273,1.10281,1.10277
EUR_USD,1640000313.0,1.10273,1.10281,1.10277
EUR_USD,1640000314.0,1.10277,1.10285,1.10281
EUR_USD,1640000315.0,1.10279,1.10287,1.10283
EUR_USD,1640000316.0,1.10278,1.10286,1.10282
EUR_USD,1640000317.0,1.10267,1.10275,1.10271
EUR_USD,1640000318.0,1.10272,1.1028,1.10276
EUR_USD,1640000319.0,1.10277,1.10285,1.10281
EUR_USD,1640000320.0,1.10282,1.1029,1.10286
EUR_USD,1640000321.0,1.10277,1.10285,1.10281
EUR_USD,1640000322.0,1.10285,1.10293,1.10289
EUR_USD,1640000323.0,1.10286,1.10294,1.1029
EUR_USD,1640000324.0,1.10286,1.10294,1.1029
EUR_USD,1640000325.0,1.1029,1.10298,1.10294
EUR_USD,1640000326.0,1.10293,1.10301,1.10297
EUR_USD,1640000327.0,1.10293,1.10301,1.10297
EUR_USD,1640000328.0,1.10298,1.10306,1.10302
EUR_USD,1640000329.0,1.10291,1.10299,1.10295
EUR_USD,1640000330.0,1.10288,1.10296,1.10292
EUR_USD,1640000331.0,1.10286,1.10294,1.1029
EUR_USD,1640000332.0,1.10294,1.10302,1.10298
EUR_USD,1640000333.0,1.10298,1.10306,1.10302
EUR_USD,1640000334.0,1.10302,1.1031,1.10306
EUR_USD,1640000335.0,1.10302,1.1031,1.10306
EUR_USD,1640000336.0,1.10307,1.10315,1.10311
EUR_USD,1640000337.0,1.10313,1.10321,1.10317
EUR_USD,1640000338.0,1.10314,1.10322,1.10318
EUR_USD,1640000339.0,1.10314,1.10322,1.10318
EUR_USD,1640000340.0,1.10315,1.10323,1.10319
EUR_USD,1640000341.0,1.10314,1.10322,1.10318
EUR_USD,1640000342.0,1.10317,1.10325,1.10321
EUR_USD,1640000343.0,1.10319,1.10327,1.10323
EUR_USD,1640000344.0,1.10307,1.10315,1.10311
EUR_USD,1640000345.0,1.10311,1.10319,1.10315
EUR_USD,1640000346.0,1.10311,1.10319,1.10315
EUR_USD,1640000347.0,1.1031,1.10318,1.10314
EUR_USD,1640000348.0,1.10314,1.10322,1.10318
EUR_USD,1640000349.0,1.1032,1.10328,1.10324
EUR_USD,1640000350.0,1.10328,1.10336,1.10332
EUR_USD,1640000351.0,1.10333,1.10341,1.10337
EUR_USD,1640000352.0,1.10325,1.10333,1.10329
EUR_USD,1640000353.0,1.10336,1.10344,1.1034
EUR_USD,1640000354.0,1.10341,1.10349,1.10345
EUR_USD,1640000355.0,1.10333,1.10341,1.10337
EUR_USD,1640000356.0,1.10334,1.10342,1.10338
EUR_USD,1640000357.0,1.10341,1.10349,1.10345
EUR_USD,1640000358.0,1.1034,1.10348,1.10344
EUR_USD,1640000359.0,1.10339,1.10347,1.10343
EUR_USD,1640000360.0,1.10344,1.10352,1.10348
EUR_USD,1640000361.0,1.10345,1.10353,1.10349
EUR_USD,1640000362.0,1.10338,1.10346,1.10342
EUR_USD,1640000363.0,1.10345,1.10353,1.10349
EUR_USD,1640000364.0,1.10346,1.10354,1.1035
EUR_USD,1640000365.0,1.10345,1.10353,1.10349
EUR_USD,1640000366.0,1.10357,1.10365,1.10361
EUR_USD,1640000367.0,1.10363,1.10371,1.10367
EUR_USD,1640000368.0,1.10363,1.10371,1.10367
EUR_USD,1640000369.0,1.10367,1.10375,1.10371
EUR_USD,1640000370.0,1.1037,1.10378,1.10374
EUR_USD,1640000371.0,1.10361,1.10369,1.10365
EUR_USD,1640000372.0,1.10355,1.10363,1.10359
EUR_USD,1640000373.0,1.1035,1.10358,1.10354
EUR_USD,1640000374.0,1.10357,1.10365,1.10361
EUR_USD,1640000375.0,1.1035,1.10358,1.10354
EUR_USD,1640000376.0,1.1035,1.10358,1.10354
EUR_USD,1640000377.0,1.10356,1.10364,1.1036
EUR_USD,1640000378.0,1.10362,1.1037,1.10366
EUR_USD,1640000379.0,1.10362,1.1037,1.10366
EUR_USD,1640000380.0,1.10356,1.10364,1.1036
EUR_USD,1640000381.0,1.10349,1.10357,1.10353
EUR_USD,1640000382.0,1.10355,1.10363,1.10359
EUR_USD,1640000383.0,1.1035,1.10358,1.10354
EUR_USD,1640000384.0,1.10346,1.10354,1.1035
EUR_USD,1640000385.0,1.10354,1.10362,1.10358
EUR_USD,1640000386.0,1.1036,1.10368,1.10364
EUR_USD,1640000387.0,1.1036,1.10368,1.10364
EUR_USD,1640000388.0,1.10362,1.1037,1.10366
EUR_USD,1640000389.0,1.10354,1.10362,1.10358
EUR_USD,1640000390.0,1.10363,1.10371,1.10367
EUR_USD,1640000391.0,1.10368,1.10376,1.10372
EUR_USD,1640000392.0,1.10364,1.10372,1.10368
EUR_USD,1640000393.0,1.10361,1.10369,1.10365
EUR_USD,1640000394.0,1.10367,1.10375,1.10371
EUR_USD,1640000395.0,1.10373,1.10381,1.10377
EUR_USD,1640000396.0,1.10373,1.10381,1.10377
EUR_USD,1640000397.0,1.1037,1.10378,1.10374
EUR_USD,1640000398.0,1.1037,1.10378,1.10374
EUR_USD,1640000399.0,1.10369,1.10377,1.10373
EUR_USD,1640000400.0,1.10371,1.10379,1.10375
EUR_USD,1640000401.0,1.10377,1.10385,1.10381
EUR_USD,1640000402.0,1.10378,1.10386,1.10382
EUR_USD,1640000403.0,1.10375,1.10383,1.10379
EUR_USD,1640000404.0,1.10387,1.10395,1.10391
EUR_USD,1640000405.0,1.10378,1.10386,1.10382
EUR_USD,1640000406.0,1.1038,1.10388,1.10384
EUR_USD,1640000407.0,1.10381,1.10389,1.10385
EUR_USD,1640000408.0,1.10381,1.10389,1.10385
EUR_USD,1640000409.0,1.10372,1.1038,1.10376
EUR_USD,1640000410.0,1.1038,1.10388,1.10384
EUR_USD,1640000411.0,1.10376,1.10384,1.1038
EUR_USD,1640000412.0,1.10377,1.10385,1.10381
EUR_USD,1640000413.0,1.10373,1.10381,1.10377
EUR_USD,1640000414.0,1.10393,1.10401,1.10397
EUR_USD,1640000415.0,1.10408,1.10416,1.10412
EUR_USD,1640000416.0,1.10405,1.10413,1.10409
EUR_USD,1640000417.0,1.10403,1.10411,1.10407
EUR_USD,1640000418.0,1.10405,1.10413,1.10409
EUR_USD,1640000419.0,1.10405,1.10413,1.10409
EUR_USD,1640000420.0,1.1041,1.10418,1.10414
EUR_USD,1640000421.0,1.10412,1.1042,1.10416
EUR_USD,1640000422.0,1.10416,1.10424,1.1042
EUR_USD,1640000423.0,1.10421,1.10429,1.10425
EUR_USD,1640000424.0,1.10417,1.10425,1.10421
EUR_USD,1640000425.0,1.10413,1.10421,1.10417
EUR_USD,1640000426.0,1.10411,1.10419,1.10415
EUR_USD,1640000427.0,1.10411,1.10419,1.10415
EUR_USD,1640000428.0,1.10397,1.10405,1.10401
EUR_USD,1640000429.0,1.10395,1.10403,1.10399
EUR_USD,1640000430.0,1.10391,1.10399,1.10395
EUR_USD,1640000431.0,1.104,1.10408,1.10404
EUR_USD,1640000432.0,1.10395,1.10403,1.10399
EUR_USD,1640000433.0,1.10388,1.10396,1.10392
EUR_USD,1640000434.0,1.10386,1.10394,1.1039
EUR_USD,1640000435.0,1.10382,1.1039,1.10386
EUR_USD,1640000436.0,1.10383,1.10391,1.10387
EUR_USD,1640000437.0,1.10386,1.10394,1.1039
EUR_USD,1640000438.0,1.10388,1.10396,1.10392
EUR_USD,1640000439.0,1.10391,1.10399,1.10395
EUR_USD,1640000440.0,1.10393,1.10401,1.10397
EUR_USD,1640000441.0,1.10383,1.10391,1.10387
EUR_USD,1640000442.0,1.10388,1.10396,1.10392
EUR_USD,1640000443.0,1.10379,1.10387,1.10383
EUR_USD,1640000444.0,1.10374,1.10382,1.10378
EUR_USD,1640000445.0,1.10381,1.10389,1.10385
EUR_USD,1640000446.0,1.10383,1.10391,1.10387
EUR_USD,1640000447.0,1.10381,1.10389,1.10385
EUR_USD,1640000448.0,1.10386,1.10394,1.1039
EUR_USD,1640000449.0,1.10387,1.10395,1.10391
EUR_USD,1640000450.0,1.10396,1.10404,1.104
EUR_USD,1640000451.0,1.10392,1.104,1.10396
EUR_USD,1640000452.0,1.104,1.10408,1.10404
EUR_USD,1640000453.0,1.10408,1.10416,1.10412
EUR_USD,1640000454.0,1.10411,1.10419,1.10415
EUR_USD,1640000455.0,1.10415,1.10423,1.10419
EUR_USD,1640000456.0,1.10422,1.1043,1.10426
EUR_USD,1640000457.0,1.10433,1.10441,1.10437
EUR_USD,1640000458.0,1.10434,1.10442,1.10438
EUR_USD,1640000459.0,1.10433,1.10441,1.10437
EUR_USD,1640000460.0,1.10444,1.10452,1.10448
EUR_USD,1640000461.0,1.10446,1.10454,1.1045
EUR_USD,1640000462.0,1.10441,1.10449,1.10445
EUR_USD,1640000463.0,1.10446,1.10454,1.1045
EUR_USD,1640000464.0,1.10442,1.1045,1.10446
EUR_USD,1640000465.0,1.10438,1.10446,1.10442
EUR_USD,1640000466.0,1.1044,1.10448,1.10444
EUR_USD,1640000467.0,1.10445,1.10453,1.10449
EUR_USD,1640000468.0,1.10438,1.10446,1.10442
EUR_USD,1640000469.0,1.10433,1.10441,1.10437
EUR_USD,1640000470.0,1.10434,1.10442,1.10438
EUR_USD,1640000471.0,1.10435,1.10443,1.10439
EUR_USD,1640000472.0,1.10439,1.10447,1.10443
EUR_USD,1640000473.0,1.10443,1.10451,1.10447
EUR_USD,1640000474.0,1.10449,1.10457,1.10453
EUR_USD,1640000475.0,1.10449,1.10457,1.10453
EUR_USD,1640000476.0,1.10444,1.10452,1.10448
EUR_USD,1640000477.0,1.10445,1.10453,1.10449
EUR_USD,1640000478.0,1.10452,1.1046,1.10456
EUR_USD,1640000479.0,1.10445,1.10453,1.10449
EUR_USD,1640000480.0,1.10451,1.10459,1.10455
EUR_USD,1640000481.0,1.10458,1.10466,1.10462
EUR_USD,1640000482.0,1.10448,1.10456,1.10452
EUR_USD,1640000483.0,1.10445,1.10453,1.10449
EUR_USD,1640000484.0,1.10452,1.1046,1.10456
EUR_USD,1640000485.0,1.10456,1.10464,1.1046
EUR_USD,1640000486.0,1.10459,1.10467,1.10463
EUR_USD,1640000487.0,1.10466,1.10474,1.1047
EUR_USD,1640000488.0,1.10469,1.10477,1.10473
EUR_USD,1640000489.0,1.10465,1.10473,1.10469
EUR_USD,1640000490.0,1.1046,1.10468,1.10464
EUR_USD,1640000491.0,1.1046,1.10468,1.10464
EUR_USD,1640000492.0,1.10471,1.10479,1.10475
EUR_USD,1640000493.0,1.10468,1.10476,1.10472
EUR_USD,1640000494.0,1.1047,1.10478,1.10474
EUR_USD,1640000495.0,1.10472,1.1048,1.10476
EUR_USD,1640000496.0,1.10468,1.10476,1.10472
EUR_USD,1640000497.0,1.10468,1.10476,1.10472
EUR_USD,1640000498.0,1.10476,1.10484,1.1048
EUR_USD,1640000499.0,1.10479,1.10487,1.10483
EUR_USD,1640000500.0,1.10484,1.10492,1.10488
EUR_USD,1640000501.0,1.10491,1.10499,1.10495
EUR_USD,1640000502.0,1.10499,1.10507,1.10503
EUR_USD,1640000503.0,1.10505,1.10513,1.10509
EUR_USD,1640000504.0,1.10511,1.10519,1.10515
EUR_USD,1640000505.0,1.10503,1.10511,1.10507
EUR_USD,1640000506.0,1.10509,1.10517,1.10513
EUR_USD,1640000507.0,1.10505,1.10513,1.10509
EUR_USD,1640000508.0,1.10504,1.10512,1.10508
EUR_USD,1640000509.0,1.10508,1.10516,1.10512
EUR_USD,1640000510.0,1.105,1.10508,1.10504
EUR_USD,1640000511.0,1.10489,1.10497,1.10493
EUR_USD,1640000512.0,1.10488,1.10496,1.10492
EUR_USD,1640000513.0,1.10486,1.10494,1.1049
EUR_USD,1640000514.0,1.1049,1.10498,1.10494
EUR_USD,1640000515.0,1.10492,1.105,1.10496
EUR_USD,1640000516.0,1.10494,1.10502,1.10498
EUR_USD,1640000517.0,1.10491,1.10499,1.10495
EUR_USD,1640000518.0,1.1049,1.10498,1.10494
EUR_USD,1640000519.0,1.10484,1.10492,1.10488
EUR_USD,1640000520.0,1.10481,1.10489,1.10485
EUR_USD,1640000521.0,1.10486,1.10494,1.1049
EUR_USD,1640000522.0,1.10486,1.10494,1.1049
EUR_USD,1640000523.0,1.10492,1.105,1.10496
EUR_USD,1640000524.0,1.10496,1.10504,1.105
EUR_USD,1640000525.0,1.10503,1.10511,1.10507
EUR_USD,1640000526.0,1.105,1.10508,1.10504
EUR_USD,1640000527.0,1.10495,1.10503,1.10499
EUR_USD,1640000528.0,1.10508,1.10516,1.10512
EUR_USD,1640000529.0,1.10508,1.10516,1.10512
EUR_USD,1640000530.0,1.10515,1.10523,1.10519
EUR_USD,1640000531.0,1.10511,1.10519,1.10515
EUR_USD,1640000532.0,1.10517,1.10525,1.10521
EUR_USD,1640000533.0,1.10525,1.10533,1.10529
EUR_USD,1640000534.0,1.10533,1.10541,1.10537
EUR_USD,1640000535.0,1.10531,1.10539,1.10535
EUR_USD,1640000536.0,1.10524,1.10532,1.10528
EUR_USD,1640000537.0,1.10527,1.10535,1.10531
EUR_USD,1640000538.0,1.1052,1.10528,1.10524
EUR_USD,1640000539.0,1.10514,1.10522,1.10518
EUR_USD,1640000540.0,1.10509,1.10517,1.10513
EUR_USD,1640000541.0,1.10511,1.10519,1.10515
EUR_USD,1640000542.0,1.10514,1.10522,1.10518
EUR_USD,1640000543.0,1.10509,1.10517,1.10513
EUR_USD,1640000544.0,1.10507,1.10515,1.10511
EUR_USD,1640000545.0,1.10504,1.10512,1.10508
EUR_USD,1640000546.0,1.10497,1.10505,1.10501
EUR_USD,1640000547.0,1.10497,1.10505,1.10501
EUR_USD,1640000548.0,1.10489,1.10497,1.10493
EUR_USD,1640000549.0,1.10485,1.10493,1.10489
EUR_USD,1640000550.0,1.10484,1.10492,1.10488
EUR_USD,1640000551.0,1.10487,1.10495,1.10491
EUR_USD,1640000552.0,1.10483,1.10491,1.10487
EUR_USD,1640000553.0,1.10489,1.10497,1.10493
EUR_USD,1640000554.0,1.10484,1.10492,1.10488
EUR_USD,1640000555.0,1.10485,1.10493,1.10489
EUR_USD,1640000556.0,1.10483,1.10491,1.10487
EUR_USD,1640000557.0,1.10485,1.10493,1.10489
EUR_USD,1640000558.0,1.10492,1.105,1.10496
EUR_USD,1640000559.0,1.10498,1.10506,1.10502
EUR_USD,1640000560.0,1.10505,1.10513,1.10509
EUR_USD,1640000561.0,1.10509,1.10517,1.10513
EUR_USD,1640000562.0,1.10516,1.10524,1.1052
EUR_USD,1640000563.0,1.10516,1.10524,1.1052
EUR_USD,1640000564.0,1.10515,1.10523,1.10519
EUR_USD,1640000565.0,1.10506,1.10514,1.1051
EUR_USD,1640000566.0,1.105,1.10508,1.10504
EUR_USD,1640000567.0,1.10501,1.10509,1.10505
EUR_USD,1640000568.0,1.10503,1.10511,1.10507
EUR_USD,1640000569.0,1.10511,1.10519,1.10515
EUR_USD,1640000570.0,1.10507,1.10515,1.10511
EUR_USD,1640000571.0,1.10507,1.10515,1.10511
EUR_USD,1640000572.0,1.10515,1.10523,1.10519
EUR_USD,1640000573.0,1.10513,1.10521,1.10517
EUR_USD,1640000574.0,1.10503,1.10511,1.10507
EUR_USD,1640000575.0,1.1051,1.10518,1.10514
EUR_USD,1640000576.0,1.10512,1.1052,1.10516
EUR_USD,1640000577.0,1.10498,1.10506,1.10502
EUR_USD,1640000578.0,1.10496,1.10504,1.105
EUR_USD,1640000579.0,1.10502,1.1051,1.10506
EUR_USD,1640000580.0,1.10503,1.10511,1.10507
EUR_USD,1640000581.0,1.10513,1.10521,1.10517
EUR_USD,1640000582.0,1.10518,1.10526,1.10522
EUR_USD,1640000583.0,1.10512,1.1052,1.10516
EUR_USD,1640000584.0,1.10512,1.1052,1.10516
EUR_USD,1640000585.0,1.10509,1.10517,1.10513
EUR_USD,1640000586.0,1.10513,1.10521,1.10517
EUR_USD,1640000587.0,1.10512,1.1052,1.10516
EUR_USD,1640000588.0,1.10514,1.10522,1.10518
EUR_USD,1640000589.0,1.10512,1.1052,1.10516
EUR_USD,1640000590.0,1.10509,1.10517,1.10513
EUR_USD,1640000591.0,1.10501,1.10509,1.10505
EUR_USD,1640000592.0,1.10505,1.10513,1.10509
EUR_USD,1640000593.0,1.10512,1.1052,1.10516
EUR_USD,1640000594.0,1.10513,1.10521,1.10517
EUR_USD,1640000595.0,1.10528,1.10536,1.10532
EUR_USD,1640000596.0,1.10535,1.10543,1.10539
EUR_USD,1640000597.0,1.1055,1.10558,1.10554
EUR_USD,1640000598.0,1.1055,1.10558,1.10554
EUR_USD,1640000599.0,1.10551,1.10559,1.10555
EUR_USD,1640000600.0,1.10552,1.1056,1.10556
EUR_USD,1640000601.0,1.10552,1.1056,1.10556
EUR_USD,1640000602.0,1.10553,1.10561,1.10557
EUR_USD,1640000603.0,1.10555,1.10563,1.10559
EUR_USD,1640000604.0,1.10554,1.10562,1.10558
EUR_USD,1640000605.0,1.10554,1.10562,1.10558
EUR_USD,1640000606.0,1.10555,1.10563,1.10559
EUR_USD,1640000607.0,1.10555,1.10563,1.10559
EUR_USD,1640000608.0,1.10557,1.10565,1.10561
EUR_USD,1640000609.0,1.10556,1.10564,1.1056
EUR_USD,1640000610.0,1.10558,1.10566,1.10562
EUR_USD,1640000611.0,1.10558,1.10566,1.10562
EUR_USD,1640000612.0,1.10557,1.10565,1.10561
EUR_USD,1640000613.0,1.10557,1.10565,1.10561
EUR_USD,1640000614.0,1.10558,1.10566,1.10562
EUR_USD,1640000615.0,1.10558,1.10566,1.10562
EUR_USD,1640000616.0,1.10558,1.10566,1.10562
EUR_USD,1640000617.0,1.10559,1.10567,1.10563
EUR_USD,1640000618.0,1.1056,1.10568,1.10564
EUR_USD,1640000619.0,1.10559,1.10567,1.10563
EUR_USD,1640000620.0,1.10558,1.10566,1.10562
EUR_USD,1640000621.0,1.10559,1.10567,1.10563
EUR_USD,1640000622.0,1.10561,1.10569,1.10565
EUR_USD,1640000623.0,1.10562,1.1057,1.10566
EUR_USD,1640000624.0,1.10561,1.10569,1.10565
EUR_USD,1640000625.0,1.1056,1.10568,1.10564
EUR_USD,1640000626.0,1.10561,1.10569,1.10565
EUR_USD,1640000627.0,1.10561,1.10569,1.10565
EUR_USD,1640000628.0,1.10559,1.10567,1.10563
EUR_USD,1640000629.0,1.10559,1.10567,1.10563
EUR_USD,1640000630.0,1.10559,1.10567,1.10563
EUR_USD,1640000631.0,1.10557,1.10565,1.10561
EUR_USD,1640000632.0,1.10556,1.10564,1.1056
EUR_USD,1640000633.0,1.10557,1.10565,1.10561
EUR_USD,1640000634.0,1.10555,1.10563,1.10559
EUR_USD,1640000635.0,1.10554,1.10562,1.10558
EUR_USD,1640000636.0,1.10555,1.10563,1.10559
EUR_USD,1640000637.0,1.10555,1.10563,1.10559
EUR_USD,1640000638.0,1.10552,1.1056,1.10556
EUR_USD,1640000639.0,1.10552,1.1056,1.10556
EUR_USD,1640000640.0,1.10551,1.10559,1.10555
EUR_USD,1640000641.0,1.10551,1.10559,1.10555
EUR_USD,1640000642.0,1.10551,1.10559,1.10555
EUR_USD,1640000643.0,1.10549,1.10557,1.10553
EUR_USD,1640000644.0,1.10549,1.10557,1.10553
EUR_USD,1640000645.0,1.10546,1.10554,1.1055
EUR_USD,1640000646.0,1.10547,1.10555,1.10551
EUR_USD,1640000647.0,1.10548,1.10556,1.10552
EUR_USD,1640000648.0,1.1055,1.10558,1.10554
EUR_USD,1640000649.0,1.10551,1.10559,1.10555
EUR_USD,1640000650.0,1.10551,1.10559,1.10555
EUR_USD,1640000651.0,1.10552,1.1056,1.10556
EUR_USD,1640000652.0,1.10552,1.1056,1.10556
EUR_USD,1640000653.0,1.1055,1.10558,1.10554
EUR_USD,1640000654.0,1.10549,1.10557,1.10553
EUR_USD,1640000655.0,1.10549,1.10557,1.10553
EUR_USD,1640000656.0,1.10548,1.10556,1.10552
EUR_USD,1640000657.0,1.10547,1.10555,1.10551
EUR_USD,1640000658.0,1.10546,1.10554,1.1055
EUR_USD,1640000659.0,1.10545,1.10553,1.10549
EUR_USD,1640000660.0,1.10544,1.10552,1.10548
EUR_USD,1640000661.0,1.10545,1.10553,1.10549
EUR_USD,1640000662.0,1.10546,1.10554,1.1055
EUR_USD,1640000663.0,1.10546,1.10554,1.1055
EUR_USD,1640000664.0,1.10547,1.10555,1.10551
EUR_USD,1640000665.0,1.10546,1.10554,1.1055
EUR_USD,1640000666.0,1.10547,1.10555,1.10551
EUR_USD,1640000667.0,1.10548,1.10556,1.10552
EUR_USD,1640000668.0,1.10547,1.10555,1.10551
EUR_USD,1640000669.0,1.10545,1.10553,1.10549
EUR_USD,1640000670.0,1.10544,1.10552,1.10548
EUR_USD,1640000671.0,1.10545,1.10553,1.10549
EUR_USD,1640000672.0,1.10547,1.10555,1.10551
EUR_USD,1640000673.0,1.10548,1.10556,1.10552
EUR_USD,1640000674.0,1.10547,1.10555,1.10551
EUR_USD,1640000675.0,1.10547,1.10555,1.10551
EUR_USD,1640000676.0,1.10548,1.10556,1.10552
EUR_USD,1640000677.0,1.1055,1.10558,1.10554
EUR_USD,1640000678.0,1.1055,1.10558,1.10554
EUR_USD,1640000679.0,1.10549,1.10557,1.10553
EUR_USD,1640000680.0,1.1055,1.10558,1.10554
EUR_USD,1640000681.0,1.1055,1.10558,1.10554
EUR_USD,1640000682.0,1.1055,1.10558,1.10554
EUR_USD,1640000683.0,1.1055,1.10558,1.10554
EUR_USD,1640000684.0,1.10551,1.10559,1.10555
EUR_USD,1640000685.0,1.10552,1.1056,1.10556
EUR_USD,1640000686.0,1.1055,1.10558,1.10554
EUR_USD,1640000687.0,1.10549,1.10557,1.10553
EUR_USD,1640000688.0,1.10549,1.10557,1.10553
EUR_USD,1640000689.0,1.10549,1.10557,1.10553
EUR_USD,1640000690.0,1.1055,1.10558,1.10554
EUR_USD,1640000691.0,1.10549,1.10557,1.10553
EUR_USD,1640000692.0,1.10547,1.10555,1.10551
EUR_USD,1640000693.0,1.10547,1.10555,1.10551
EUR_USD,1640000694.0,1.10547,1.10555,1.10551
EUR_USD,1640000695.0,1.10547,1.10555,1.10551
EUR_USD,1640000696.0,1.10548,1.10556,1.10552
EUR_USD,1640000697.0,1.10549,1.10557,1.10553
EUR_USD,1640000698.0,1.1055,1.10558,1.10554
EUR_USD,1640000699.0,1.1055,1.10558,1.10554
EUR_USD,1640000700.0,1.10549,1.10557,1.10553
EUR_USD,1640000701.0,1.1055,1.10558,1.10554
EUR_USD,1640000702.0,1.10549,1.10557,1.10553
EUR_USD,1640000703.0,1.1055,1.10558,1.10554
EUR_USD,1640000704.0,1.10551,1.10559,1.10555
EUR_USD,1640000705.0,1.10548,1.10556,1.10552
EUR_USD,1640000706.0,1.10548,1.10556,1.10552
EUR_USD,1640000707.0,1.10548,1.10556,1.10552
EUR_USD,1640000708.0,1.10546,1.10554,1.1055
EUR_USD,1640000709.0,1.10545,1.10553,1.10549
EUR_USD,1640000710.0,1.10546,1.10554,1.1055
EUR_USD,1640000711.0,1.10545,1.10553,1.10549
EUR_USD,1640000712.0,1.10545,1.10553,1.10549
EUR_USD,1640000713.0,1.10546,1.10554,1.1055
EUR_USD,1640000714.0,1.10547,1.10555,1.10551
EUR_USD,1640000715.0,1.10547,1.10555,1.10551
EUR_USD,1640000716.0,1.10545,1.10553,1.10549
EUR_USD,1640000717.0,1.10545,1.10553,1.10549
EUR_USD,1640000718.0,1.10545,1.10553,1.10549
EUR_USD,1640000719.0,1.10545,1.10553,1.10549
EUR_USD,1640000720.0,1.10544,1.10552,1.10548
EUR_USD,1640000721.0,1.10544,1.10552,1.10548
EUR_USD,1640000722.0,1.10545,1.10553,1.10549
EUR_USD,1640000723.0,1.10542,1.1055,1.10546
EUR_USD,1640000724.0,1.10542,1.1055,1.10546
EUR_USD,1640000725.0,1.10542,1.1055,1.10546
EUR_USD,1640000726.0,1.10543,1.10551,1.10547
EUR_USD,1640000727.0,1.10544,1.10552,1.10548
EUR_USD,1640000728.0,1.10544,1.10552,1.10548
EUR_USD,1640000729.0,1.10542,1.1055,1.10546
EUR_USD,1640000730.0,1.1054,1.10548,1.10544
EUR_USD,1640000731.0,1.1054,1.10548,1.10544
EUR_USD,1640000732.0,1.10543,1.10551,1.10547
EUR_USD,1640000733.0,1.10542,1.1055,1.10546
EUR_USD,1640000734.0,1.10541,1.10549,1.10545
EUR_USD,1640000735.0,1.10542,1.1055,1.10546
EUR_USD,1640000736.0,1.10544,1.10552,1.10548
EUR_USD,1640000737.0,1.10544,1.10552,1.10548
EUR_USD,1640000738.0,1.10544,1.10552,1.10548
EUR_USD,1640000739.0,1.10545,1.10553,1.10549
EUR_USD,1640000740.0,1.10546,1.10554,1.1055
EUR_USD,1640000741.0,1.10546,1.10554,1.1055
EUR_USD,1640000742.0,1.10545,1.10553,1.10549
EUR_USD,1640000743.0,1.10547,1.10555,1.10551
EUR_USD,1640000744.0,1.10547,1.10555,1.10551
EUR_USD,1640000745.0,1.10548,1.10556,1.10552
EUR_USD,1640000746.0,1.10548,1.10556,1.10552
EUR_USD,1640000747.0,1.10547,1.10555,1.10551
EUR_USD,1640000748.0,1.10547,1.10555,1.10551
EUR_USD,1640000749.0,1.10546,1.10554,1.1055
EUR_USD,1640000750.0,1.10544,1.10552,1.10548
EUR_USD,1640000751.0,1.10545,1.10553,1.10549
EUR_USD,1640000752.0,1.10545,1.10553,1.10549
EUR_USD,1640000753.0,1.10545,1.10553,1.10549
EUR_USD,1640000754.0,1.10544,1.10552,1.10548
EUR_USD,1640000755.0,1.10543,1.10551,1.10547
EUR_USD,1640000756.0,1.10543,1.10551,1.10547
EUR_USD,1640000757.0,1.10542,1.1055,1.10546
EUR_USD,1640000758.0,1.10542,1.1055,1.10546
EUR_USD,1640000759.0,1.1054,1.10548,1.10544
EUR_USD,1640000760.0,1.10539,1.10547,1.10543
EUR_USD,1640000761.0,1.10537,1.10545,1.10541
EUR_USD,1640000762.0,1.10537,1.10545,1.10541
EUR_USD,1640000763.0,1.10536,1.10544,1.1054
EUR_USD,1640000764.0,1.10536,1.10544,1.1054
EUR_USD,1640000765.0,1.10536,1.10544,1.1054
EUR_USD,1640000766.0,1.10534,1.10542,1.10538
EUR_USD,1640000767.0,1.10533,1.10541,1.10537
EUR_USD,1640000768.0,1.10533,1.10541,1.10537
EUR_USD,1640000769.0,1.10534,1.10542,1.10538
EUR_USD,1640000770.0,1.10534,1.10542,1.10538
EUR_USD,1640000771.0,1.10536,1.10544,1.1054
EUR_USD,1640000772.0,1.10537,1.10545,1.10541
EUR_USD,1640000773.0,1.10535,1.10543,1.10539
EUR_USD,1640000774.0,1.10536,1.10544,1.1054
EUR_USD,1640000775.0,1.10536,1.10544,1.1054
EUR_USD,1640000776.0,1.10535,1.10543,1.10539
EUR_USD,1640000777.0,1.10535,1.10543,1.10539
EUR_USD,1640000778.0,1.10535,1.10543,1.10539
EUR_USD,1640000779.0,1.10535,1.10543,1.10539
EUR_USD,1640000780.0,1.10536,1.10544,1.1054
EUR_USD,1640000781.0,1.10534,1.10542,1.10538
EUR_USD,1640000782.0,1.10534,1.10542,1.10538
EUR_USD,1640000783.0,1.10534,1.10542,1.10538
EUR_USD,1640000784.0,1.10533,1.10541,1.10537
EUR_USD,1640000785.0,1.10532,1.1054,1.10536
EUR_USD,1640000786.0,1.10534,1.10542,1.10538
EUR_USD,1640000787.0,1.10533,1.10541,1.10537
EUR_USD,1640000788.0,1.10533,1.10541,1.10537
EUR_USD,1640000789.0,1.10533,1.10541,1.10537
EUR_USD,1640000790.0,1.10532,1.1054,1.10536
EUR_USD,1640000791.0,1.10532,1.1054,1.10536
EUR_USD,1640000792.0,1.10532,1.1054,1.10536
EUR_USD,1640000793.0,1.10532,1.1054,1.10536
EUR_USD,1640000794.0,1.10533,1.10541,1.10537
EUR_USD,1640000795.0,1.10533,1.10541,1.10537
EUR_USD,1640000796.0,1.10534,1.10542,1.10538
EUR_USD,1640000797.0,1.10535,1.10543,1.10539
EUR_USD,1640000798.0,1.10534,1.10542,1.10538
EUR_USD,1640000799.0,1.10534,1.10542,1.10538
EUR_USD,1640000800.0,1.10534,1.10542,1.10538
EUR_USD,1640000801.0,1.10533,1.10541,1.10537
EUR_USD,1640000802.0,1.10534,1.10542,1.10538
EUR_USD,1640000803.0,1.10534,1.10542,1.10538
EUR_USD,1640000804.0,1.10535,1.10543,1.10539
EUR_USD,1640000805.0,1.10533,1.10541,1.10537
EUR_USD,1640000806.0,1.10532,1.1054,1.10536
EUR_USD,1640000807.0,1.1053,1.10538,1.10534
EUR_USD,1640000808.0,1.10531,1.10539,1.10535
EUR_USD,1640000809.0,1.10531,1.10539,1.10535
EUR_USD,1640000810.0,1.10529,1.10537,1.10533
EUR_USD,1640000811.0,1.10529,1.10537,1.10533
EUR_USD,1640000812.0,1.10528,1.10536,1.10532
EUR_USD,1640000813.0,1.10525,1.10533,1.10529
EUR_USD,1640000814.0,1.10527,1.10535,1.10531
EUR_USD,1640000815.0,1.10529,1.10537,1.10533
EUR_USD,1640000816.0,1.10529,1.10537,1.10533
EUR_USD,1640000817.0,1.10529,1.10537,1.10533
EUR_USD,1640000818.0,1.10527,1.10535,1.10531
EUR_USD,1640000819.0,1.10528,1.10536,1.10532
EUR_USD,1640000820.0,1.10527,1.10535,1.10531
EUR_USD,1640000821.0,1.10523,1.10531,1.10527
EUR_USD,1640000822.0,1.10522,1.1053,1.10526
EUR_USD,1640000823.0,1.10521,1.10529,1.10525
EUR_USD,1640000824.0,1.10521,1.10529,1.10525
EUR_USD,1640000825.0,1.10521,1.10529,1.10525
EUR_USD,1640000826.0,1.1052,1.10528,1.10524
EUR_USD,1640000827.0,1.1052,1.10528,1.10524
EUR_USD,1640000828.0,1.10519,1.10527,1.10523
EUR_USD,1640000829.0,1.10518,1.10526,1.10522
EUR_USD,1640000830.0,1.10516,1.10524,1.1052
EUR_USD,1640000831.0,1.10517,1.10525,1.10521
EUR_USD,1640000832.0,1.10517,1.10525,1.10521
EUR_USD,1640000833.0,1.10515,1.10523,1.10519
EUR_USD,1640000834.0,1.10516,1.10524,1.1052
EUR_USD,1640000835.0,1.10516,1.10524,1.1052
EUR_USD,1640000836.0,1.10514,1.10522,1.10518
EUR_USD,1640000837.0,1.10514,1.10522,1.10518
EUR_USD,1640000838.0,1.10514,1.10522,1.10518
EUR_USD,1640000839.0,1.10516,1.10524,1.1052
EUR_USD,1640000840.0,1.10516,1.10524,1.1052
EUR_USD,1640000841.0,1.10518,1.10526,1.10522
EUR_USD,1640000842.0,1.10518,1.10526,1.10522
EUR_USD,1640000843.0,1.10517,1.10525,1.10521
EUR_USD,1640000844.0,1.10517,1.10525,1.10521
EUR_USD,1640000845.0,1.10518,1.10526,1.10522
EUR_USD,1640000846.0,1.10519,1.10527,1.10523
EUR_USD,1640000847.0,1.10519,1.10527,1.10523
EUR_USD,1640000848.0,1.10517,1.10525,1.10521
EUR_USD,1640000849.0,1.10515,1.10523,1.10519
EUR_USD,1640000850.0,1.10513,1.10521,1.10517
EUR_USD,1640000851.0,1.10512,1.1052,1.10516
EUR_USD,1640000852.0,1.10513,1.10521,1.10517
EUR_USD,1640000853.0,1.10512,1.1052,1.10516
EUR_USD,1640000854.0,1.10512,1.1052,1.10516
EUR_USD,1640000855.0,1.10511,1.10519,1.10515
EUR_USD,1640000856.0,1.10513,1.10521,1.10517
EUR_USD,1640000857.0,1.10511,1.10519,1.10515
EUR_USD,1640000858.0,1.10511,1.10519,1.10515
EUR_USD,1640000859.0,1.10511,1.10519,1.10515
EUR_USD,1640000860.0,1.1051,1.10518,1.10514
EUR_USD,1640000861.0,1.10509,1.10517,1.10513
EUR_USD,1640000862.0,1.10508,1.10516,1.10512
EUR_USD,1640000863.0,1.10508,1.10516,1.10512
EUR_USD,1640000864.0,1.10509,1.10517,1.10513
EUR_USD,1640000865.0,1.10509,1.10517,1.10513
EUR_USD,1640000866.0,1.1051,1.10518,1.10514
EUR_USD,1640000867.0,1.10509,1.10517,1.10513
EUR_USD,1640000868.0,1.10506,1.10514,1.1051
EUR_USD,1640000869.0,1.10505,1.10513,1.10509
EUR_USD,1640000870.0,1.10506,1.10514,1.1051
EUR_USD,1640000871.0,1.10507,1.10515,1.10511
EUR_USD,1640000872.0,1.10505,1.10513,1.10509
EUR_USD,1640000873.0,1.10506,1.10514,1.1051
EUR_USD,1640000874.0,1.10503,1.10511,1.10507
EUR_USD,1640000875.0,1.10504,1.10512,1.10508
EUR_USD,1640000876.0,1.10505,1.10513,1.10509
EUR_USD,1640000877.0,1.10503,1.10511,1.10507
EUR_USD,1640000878.0,1.10503,1.10511,1.10507
EUR_USD,1640000879.0,1.10504,1.10512,1.10508
EUR_USD,1640000880.0,1.10505,1.10513,1.10509
EUR_USD,1640000881.0,1.10505,1.10513,1.10509
EUR_USD,1640000882.0,1.10506,1.10514,1.1051
EUR_USD,1640000883.0,1.10507,1.10515,1.10511
EUR_USD,1640000884.0,1.10505,1.10513,1.10509
EUR_USD,1640000885.0,1.10503,1.10511,1.10507
EUR_USD,1640000886.0,1.10504,1.10512,1.10508
EUR_USD,1640000887.0,1.10504,1.10512,1.10508
EUR_USD,1640000888.0,1.10504,1.10512,1.10508
EUR_USD,1640000889.0,1.10503,1.10511,1.10507
EUR_USD,1640000890.0,1.10503,1.10511,1.10507
EUR_USD,1640000891.0,1.10504,1.10512,1.10508
EUR_USD,1640000892.0,1.10505,1.10513,1.10509
EUR_USD,1640000893.0,1.10504,1.10512,1.10508
EUR_USD,1640000894.0,1.10503,1.10511,1.10507
EUR_USD,1640000895.0,1.10503,1.10511,1.10507
EUR_USD,1640000896.0,1.10503,1.10511,1.10507
EUR_USD,1640000897.0,1.10505,1.10513,1.10509
EUR_USD,1640000898.0,1.10504,1.10512,1.10508
EUR_USD,1640000899.0,1.10503,1.10511,1.10507
EUR_USD,1640000900.0,1.10503,1.10511,1.10507
EUR_USD,1640000901.0,1.10504,1.10512,1.10508
EUR_USD,1640000902.0,1.10503,1.10511,1.10507
EUR_USD,1640000903.0,1.10504,1.10512,1.10508
EUR_USD,1640000904.0,1.10503,1.10511,1.10507
EUR_USD,1640000905.0,1.10503,1.10511,1.10507
EUR_USD,1640000906.0,1.10503,1.10511,1.10507
EUR_USD,1640000907.0,1.10501,1.10509,1.10505
EUR_USD,1640000908.0,1.10502,1.1051,1.10506
EUR_USD,1640000909.0,1.10503,1.10511,1.10507
EUR_USD,1640000910.0,1.10502,1.1051,1.10506
EUR_USD,1640000911.0,1.10503,1.10511,1.10507
EUR_USD,1640000912.0,1.10503,1.10511,1.10507
EUR_USD,1640000913.0,1.10506,1.10514,1.1051
EUR_USD,1640000914.0,1.10506,1.10514,1.1051
EUR_USD,1640000915.0,1.10505,1.10513,1.10509
EUR_USD,1640000916.0,1.10506,1.10514,1.1051
EUR_USD,1640000917.0,1.10506,1.10514,1.1051
EUR_USD,1640000918.0,1.10506,1.10514,1.1051
EUR_USD,1640000919.0,1.10506,1.10514,1.1051
EUR_USD,1640000920.0,1.10506,1.10514,1.1051
EUR_USD,1640000921.0,1.10507,1.10515,1.10511
EUR_USD,1640000922.0,1.10506,1.10514,1.1051
EUR_USD,1640000923.0,1.10504,1.10512,1.10508
EUR_USD,1640000924.0,1.10504,1.10512,1.10508
EUR_USD,1640000925.0,1.10504,1.10512,1.10508
EUR_USD,1640000926.0,1.10505,1.10513,1.10509
EUR_USD,1640000927.0,1.10504,1.10512,1.10508
EUR_USD,1640000928.0,1.10504,1.10512,1.10508
EUR_USD,1640000929.0,1.10505,1.10513,1.10509
EUR_USD,1640000930.0,1.10506,1.10514,1.1051
EUR_USD,1640000931.0,1.10505,1.10513,1.10509
EUR_USD,1640000932.0,1.10506,1.10514,1.1051
EUR_USD,1640000933.0,1.10507,1.10515,1.10511
EUR_USD,1640000934.0,1.10506,1.10514,1.1051
EUR_USD,1640000935.0,1.10505,1.10513,1.10509
EUR_USD,1640000936.0,1.10505,1.10513,1.10509
EUR_USD,1640000937.0,1.10505,1.10513,1.10509
EUR_USD,1640000938.0,1.10505,1.10513,1.10509
EUR_USD,1640000939.0,1.10504,1.10512,1.10508
EUR_USD,1640000940.0,1.10503,1.10511,1.10507
EUR_USD,1640000941.0,1.10502,1.1051,1.10506
EUR_USD,1640000942.0,1.10501,1.10509,1.10505
EUR_USD,1640000943.0,1.10501,1.10509,1.10505
EUR_USD,1640000944.0,1.10501,1.10509,1.10505
EUR_USD,1640000945.0,1.10502,1.1051,1.10506
EUR_USD,1640000946.0,1.10502,1.1051,1.10506
EUR_USD,1640000947.0,1.10501,1.10509,1.10505
EUR_USD,1640000948.0,1.10501,1.10509,1.10505
EUR_USD,1640000949.0,1.10501,1.10509,1.10505
EUR_USD,1640000950.0,1.105,1.10508,1.10504
EUR_USD,1640000951.0,1.10499,1.10507,1.10503
EUR_USD,1640000952.0,1.105,1.10508,1.10504
EUR_USD,1640000953.0,1.10501,1.10509,1.10505
EUR_USD,1640000954.0,1.10499,1.10507,1.10503
EUR_USD,1640000955.0,1.10501,1.10509,1.10505
EUR_USD,1640000956.0,1.10501,1.10509,1.10505
EUR_USD,1640000957.0,1.105,1.10508,1.10504
EUR_USD,1640000958.0,1.105,1.10508,1.10504
EUR_USD,1640000959.0,1.10498,1.10506,1.10502
EUR_USD,1640000960.0,1.10497,1.10505,1.10501
EUR_USD,1640000961.0,1.10497,1.10505,1.10501
EUR_USD,1640000962.0,1.10499,1.10507,1.10503
EUR_USD,1640000963.0,1.10498,1.10506,1.10502
EUR_USD,1640000964.0,1.10499,1.10507,1.10503
EUR_USD,1640000965.0,1.10498,1.10506,1.10502
EUR_USD,1640000966.0,1.10496,1.10504,1.105
EUR_USD,1640000967.0,1.10497,1.10505,1.10501
EUR_USD,1640000968.0,1.10495,1.10503,1.10499
EUR_USD,1640000969.0,1.10497,1.10505,1.10501
EUR_USD,1640000970.0,1.10497,1.10505,1.10501
EUR_USD,1640000971.0,1.10495,1.10503,1.10499
EUR_USD,1640000972.0,1.10495,1.10503,1.10499
EUR_USD,1640000973.0,1.10495,1.10503,1.10499
EUR_USD,1640000974.0,1.10495,1.10503,1.10499
EUR_USD,1640000975.0,1.10493,1.10501,1.10497
EUR_USD,1640000976.0,1.10492,1.105,1.10496
EUR_USD,1640000977.0,1.10492,1.105,1.10496
EUR_USD,1640000978.0,1.10491,1.10499,1.10495
EUR_USD,1640000979.0,1.10491,1.10499,1.10495
EUR_USD,1640000980.0,1.10491,1.10499,1.10495
EUR_USD,1640000981.0,1.10491,1.10499,1.10495
EUR_USD,1640000982.0,1.10489,1.10497,1.10493
EUR_USD,1640000983.0,1.10491,1.10499,1.10495
EUR_USD,1640000984.0,1.10491,1.10499,1.10495
EUR_USD,1640000985.0,1.10493,1.10501,1.10497
EUR_USD,1640000986.0,1.10492,1.105,1.10496
EUR_USD,1640000987.0,1.10489,1.10497,1.10493
EUR_USD,1640000988.0,1.10491,1.10499,1.10495
EUR_USD,1640000989.0,1.10492,1.105,1.10496
EUR_USD,1640000990.0,1.10492,1.105,1.10496
EUR_USD,1640000991.0,1.10492,1.105,1.10496
EUR_USD,1640000992.0,1.10493,1.10501,1.10497
EUR_USD,1640000993.0,1.10494,1.10502,1.10498
EUR_USD,1640000994.0,1.10494,1.10502,1.10498
EUR_USD,1640000995.0,1.10494,1.10502,1.10498
EUR_USD,1640000996.0,1.10493,1.10501,1.10497
EUR_USD,1640000997.0,1.10495,1.10503,1.10499
EUR_USD,1640000998.0,1.10494,1.10502,1.10498
EUR_USD,1640000999.0,1.10495,1.10503,1.10499
EUR_USD,1640001000.0,1.10497,1.10505,1.10501
EUR_USD,1640001001.0,1.10498,1.10506,1.10502
EUR_USD,1640001002.0,1.10497,1.10505,1.10501
EUR_USD,1640001003.0,1.10496,1.10504,1.105
EUR_USD,1640001004.0,1.10495,1.10503,1.10499
EUR_USD,1640001005.0,1.10494,1.10502,1.10498
EUR_USD,1640001006.0,1.10492,1.105,1.10496
EUR_USD,1640001007.0,1.10492,1.105,1.10496
EUR_USD,1640001008.0,1.10491,1.10499,1.10495
EUR_USD,1640001009.0,1.10492,1.105,1.10496
EUR_USD,1640001010.0,1.10494,1.10502,1.10498
EUR_USD,1640001011.0,1.10495,1.10503,1.10499
EUR_USD,1640001012.0,1.10494,1.10502,1.10498
EUR_USD,1640001013.0,1.10494,1.10502,1.10498
EUR_USD,1640001014.0,1.10495,1.10503,1.10499
EUR_USD,1640001015.0,1.10495,1.10503,1.10499
EUR_USD,1640001016.0,1.10497,1.10505,1.10501
EUR_USD,1640001017.0,1.10497,1.10505,1.10501
EUR_USD,1640001018.0,1.10497,1.10505,1.10501
EUR_USD,1640001019.0,1.10497,1.10505,1.10501
EUR_USD,1640001020.0,1.10497,1.10505,1.10501
EUR_USD,1640001021.0,1.10498,1.10506,1.10502
EUR_USD,1640001022.0,1.10499,1.10507,1.10503
EUR_USD,1640001023.0,1.10498,1.10506,1.10502
EUR_USD,1640001024.0,1.10497,1.10505,1.10501
EUR_USD,1640001025.0,1.10494,1.10502,1.10498
EUR_USD,1640001026.0,1.10493,1.10501,1.10497
EUR_USD,1640001027.0,1.10492,1.105,1.10496
EUR_USD,1640001028.0,1.10492,1.105,1.10496
EUR_USD,1640001029.0,1.10492,1.105,1.10496
EUR_USD,1640001030.0,1.10491,1.10499,1.10495
EUR_USD,1640001031.0,1.10491,1.10499,1.10495
EUR_USD,1640001032.0,1.10489,1.10497,1.10493
EUR_USD,1640001033.0,1.10491,1.10499,1.10495
EUR_USD,1640001034.0,1.10492,1.105,1.10496
EUR_USD,1640001035.0,1.10492,1.105,1.10496
EUR_USD,1640001036.0,1.10492,1.105,1.10496
EUR_USD,1640001037.0,1.10492,1.105,1.10496
EUR_USD,1640001038.0,1.10491,1.10499,1.10495
EUR_USD,1640001039.0,1.10492,1.105,1.10496
EUR_USD,1640001040.0,1.10492,1.105,1.10496
EUR_USD,1640001041.0,1.10493,1.10501,1.10497
EUR_USD,1640001042.0,1.10496,1.10504,1.105
EUR_USD,1640001043.0,1.10493,1.10501,1.10497
EUR_USD,1640001044.0,1.10493,1.10501,1.10497
EUR_USD,1640001045.0,1.10494,1.10502,1.10498
EUR_USD,1640001046.0,1.10494,1.10502,1.10498
EUR_USD,1640001047.0,1.10494,1.10502,1.10498
EUR_USD,1640001048.0,1.10494,1.10502,1.10498
EUR_USD,1640001049.0,1.10495,1.10503,1.10499
EUR_USD,1640001050.0,1.10495,1.10503,1.10499
EUR_USD,1640001051.0,1.10495,1.10503,1.10499
EUR_USD,1640001052.0,1.10494,1.10502,1.10498
EUR_USD,1640001053.0,1.10493,1.10501,1.10497
EUR_USD,1640001054.0,1.10495,1.10503,1.10499
EUR_USD,1640001055.0,1.10494,1.10502,1.10498
EUR_USD,1640001056.0,1.10493,1.10501,1.10497
EUR_USD,1640001057.0,1.10494,1.10502,1.10498
EUR_USD,1640001058.0,1.10494,1.10502,1.10498
EUR_USD,1640001059.0,1.10492,1.105,1.10496
EUR_USD,1640001060.0,1.10494,1.10502,1.10498
EUR_USD,1640001061.0,1.10494,1.10502,1.10498
EUR_USD,1640001062.0,1.10495,1.10503,1.10499
EUR_USD,1640001063.0,1.10497,1.10505,1.10501
EUR_USD,1640001064.0,1.10496,1.10504,1.105
EUR_USD,1640001065.0,1.10496,1.10504,1.105
EUR_USD,1640001066.0,1.10497,1.10505,1.10501
EUR_USD,1640001067.0,1.10495,1.10503,1.10499
EUR_USD,1640001068.0,1.10494,1.10502,1.10498
EUR_USD,1640001069.0,1.10493,1.10501,1.10497
EUR_USD,1640001070.0,1.10493,1.10501,1.10497
EUR_USD,1640001071.0,1.10492,1.105,1.10496
EUR_USD,1640001072.0,1.10495,1.10503,1.10499
EUR_USD,1640001073.0,1.10493,1.10501,1.10497
EUR_USD,1640001074.0,1.10492,1.105,1.10496
EUR_USD,1640001075.0,1.10493,1.10501,1.10497
EUR_USD,1640001076.0,1.10492,1.105,1.10496
EUR_USD,1640001077.0,1.10492,1.105,1.10496
EUR_USD,1640001078.0,1.10493,1.10501,1.10497
EUR_USD,1640001079.0,1.10492,1.105,1.10496
EUR_USD,1640001080.0,1.10493,1.10501,1.10497
EUR_USD,1640001081.0,1.10491,1.10499,1.10495
EUR_USD,1640001082.0,1.1049,1.10498,1.10494
EUR_USD,1640001083.0,1.10491,1.10499,1.10495
EUR_USD,1640001084.0,1.10491,1.10499,1.10495
EUR_USD,1640001085.0,1.1049,1.10498,1.10494
EUR_USD,1640001086.0,1.10489,1.10497,1.10493
EUR_USD,1640001087.0,1.10489,1.10497,1.10493
EUR_USD,1640001088.0,1.10487,1.10495,1.10491
EUR_USD,1640001089.0,1.10487,1.10495,1.10491
EUR_USD,1640001090.0,1.10489,1.10497,1.10493
EUR_USD,1640001091.0,1.10491,1.10499,1.10495
EUR_USD,1640001092.0,1.10491,1.10499,1.10495
EUR_USD,1640001093.0,1.10491,1.10499,1.10495
EUR_USD,1640001094.0,1.10491,1.10499,1.10495
EUR_USD,1640001095.0,1.1049,1.10498,1.10494
EUR_USD,1640001096.0,1.1049,1.10498,1.10494
EUR_USD,1640001097.0,1.1049,1.10498,1.10494
EUR_USD,1640001098.0,1.1049,1.10498,1.10494
EUR_USD,1640001099.0,1.10492,1.105,1.10496
EUR_USD,1640001100.0,1.10491,1.10499,1.10495
EUR_USD,1640001101.0,1.10491,1.10499,1.10495
EUR_USD,1640001102.0,1.10491,1.10499,1.10495
EUR_USD,1640001103.0,1.10492,1.105,1.10496
EUR_USD,1640001104.0,1.1049,1.10498,1.10494
EUR_USD,1640001105.0,1.10491,1.10499,1.10495
EUR_USD,1640001106.0,1.10491,1.10499,1.10495
EUR_USD,1640001107.0,1.10489,1.10497,1.10493
EUR_USD,1640001108.0,1.10491,1.10499,1.10495
EUR_USD,1640001109.0,1.1049,1.10498,1.10494
EUR_USD,1640001110.0,1.10489,1.10497,1.10493
EUR_USD,1640001111.0,1.10489,1.10497,1.10493
EUR_USD,1640001112.0,1.10489,1.10497,1.10493
EUR_USD,1640001113.0,1.10488,1.10496,1.10492
EUR_USD,1640001114.0,1.10487,1.10495,1.10491
EUR_USD,1640001115.0,1.10487,1.10495,1.10491
EUR_USD,1640001116.0,1.10486,1.10494,1.1049
EUR_USD,1640001117.0,1.10485,1.10493,1.10489
EUR_USD,1640001118.0,1.10486,1.10494,1.1049
EUR_USD,1640001119.0,1.10487,1.10495,1.10491
EUR_USD,1640001120.0,1.10487,1.10495,1.10491
EUR_USD,1640001121.0,1.10487,1.10495,1.10491
EUR_USD,1640001122.0,1.10488,1.10496,1.10492
EUR_USD,1640001123.0,1.10487,1.10495,1.10491
EUR_USD,1640001124.0,1.10486,1.10494,1.1049
EUR_USD,1640001125.0,1.10486,1.10494,1.1049
EUR_USD,1640001126.0,1.10485,1.10493,1.10489
EUR_USD,1640001127.0,1.10485,1.10493,1.10489
EUR_USD,1640001128.0,1.10483,1.10491,1.10487
EUR_USD,1640001129.0,1.10485,1.10493,1.10489
EUR_USD,1640001130.0,1.10485,1.10493,1.10489
EUR_USD,1640001131.0,1.10484,1.10492,1.10488
EUR_USD,1640001132.0,1.10482,1.1049,1.10486
EUR_USD,1640001133.0,1.10482,1.1049,1.10486
EUR_USD,1640001134.0,1.10483,1.10491,1.10487
EUR_USD,1640001135.0,1.10484,1.10492,1.10488
EUR_USD,1640001136.0,1.10485,1.10493,1.10489
EUR_USD,1640001137.0,1.10485,1.10493,1.10489
EUR_USD,1640001138.0,1.10485,1.10493,1.10489
EUR_USD,1640001139.0,1.10486,1.10494,1.1049
EUR_USD,1640001140.0,1.10486,1.10494,1.1049
EUR_USD,1640001141.0,1.10486,1.10494,1.1049
EUR_USD,1640001142.0,1.10484,1.10492,1.10488
EUR_USD,1640001143.0,1.10483,1.10491,1.10487
EUR_USD,1640001144.0,1.10481,1.10489,1.10485
EUR_USD,1640001145.0,1.1048,1.10488,1.10484
EUR_USD,1640001146.0,1.10479,1.10487,1.10483
EUR_USD,1640001147.0,1.10479,1.10487,1.10483
EUR_USD,1640001148.0,1.1048,1.10488,1.10484
EUR_USD,1640001149.0,1.10481,1.10489,1.10485
EUR_USD,1640001150.0,1.1048,1.10488,1.10484
EUR_USD,1640001151.0,1.1048,1.10488,1.10484
EUR_USD,1640001152.0,1.10481,1.10489,1.10485
EUR_USD,1640001153.0,1.10479,1.10487,1.10483
EUR_USD,1640001154.0,1.10479,1.10487,1.10483
EUR_USD,1640001155.0,1.1048,1.10488,1.10484
EUR_USD,1640001156.0,1.1048,1.10488,1.10484
EUR_USD,1640001157.0,1.1048,1.10488,1.10484
EUR_USD,1640001158.0,1.1048,1.10488,1.10484
EUR_USD,1640001159.0,1.10481,1.10489,1.10485
EUR_USD,1640001160.0,1.1048,1.10488,1.10484
EUR_USD,1640001161.0,1.10481,1.10489,1.10485
EUR_USD,1640001162.0,1.10482,1.1049,1.10486
EUR_USD,1640001163.0,1.10483,1.10491,1.10487
EUR_USD,1640001164.0,1.10482,1.1049,1.10486
EUR_USD,1640001165.0,1.10482,1.1049,1.10486
EUR_USD,1640001166.0,1.10481,1.10489,1.10485
EUR_USD,1640001167.0,1.10481,1.10489,1.10485
EUR_USD,1640001168.0,1.10481,1.10489,1.10485
EUR_USD,1640001169.0,1.10481,1.10489,1.10485
EUR_USD,1640001170.0,1.1048,1.10488,1.10484
EUR_USD,1640001171.0,1.10481,1.10489,1.10485
EUR_USD,1640001172.0,1.10481,1.10489,1.10485
EUR_USD,1640001173.0,1.10482,1.1049,1.10486
EUR_USD,1640001174.0,1.10482,1.1049,1.10486
EUR_USD,1640001175.0,1.10482,1.1049,1.10486
EUR_USD,1640001176.0,1.10481,1.10489,1.10485
EUR_USD,1640001177.0,1.10481,1.10489,1.10485
EUR_USD,1640001178.0,1.10482,1.1049,1.10486
EUR_USD,1640001179.0,1.10481,1.10489,1.10485
EUR_USD,1640001180.0,1.10481,1.10489,1.10485
EUR_USD,1640001181.0,1.10482,1.1049,1.10486
EUR_USD,1640001182.0,1.10481,1.10489,1.10485
EUR_USD,1640001183.0,1.10481,1.10489,1.10485
EUR_USD,1640001184.0,1.10481,1.10489,1.10485
EUR_USD,1640001185.0,1.10482,1.1049,1.10486
EUR_USD,1640001186.0,1.10482,1.1049,1.10486
EUR_USD,1640001187.0,1.10483,1.10491,1.10487
EUR_USD,1640001188.0,1.10485,1.10493,1.10489
EUR_USD,1640001189.0,1.10486,1.10494,1.1049
EUR_USD,1640001190.0,1.10486,1.10494,1.1049
EUR_USD,1640001191.0,1.10485,1.10493,1.10489
EUR_USD,1640001192.0,1.10484,1.10492,1.10488
EUR_USD,1640001193.0,1.10484,1.10492,1.10488
EUR_USD,1640001194.0,1.10485,1.10493,1.10489
EUR_USD,1640001195.0,1.10485,1.10493,1.10489
EUR_USD,1640001196.0,1.10485,1.10493,1.10489
EUR_USD,1640001197.0,1.10484,1.10492,1.10488
EUR_USD,1640001198.0,1.10483,1.10491,1.10487
EUR_USD,1640001199.0,1.10485,1.10493,1.10489
EUR_USD,1640001200.0,1.10486,1.10494,1.1049
EUR_USD,1640001201.0,1.10485,1.10493,1.10489
EUR_USD,1640001202.0,1.10487,1.10495,1.10491
EUR_USD,1640001203.0,1.10488,1.10496,1.10492
EUR_USD,1640001204.0,1.10489,1.10497,1.10493
EUR_USD,1640001205.0,1.10488,1.10496,1.10492
EUR_USD,1640001206.0,1.10489,1.10497,1.10493
EUR_USD,1640001207.0,1.10489,1.10497,1.10493
EUR_USD,1640001208.0,1.1049,1.10498,1.10494
EUR_USD,1640001209.0,1.10488,1.10496,1.10492
EUR_USD,1640001210.0,1.10488,1.10496,1.10492
EUR_USD,1640001211.0,1.10487,1.10495,1.10491
EUR_USD,1640001212.0,1.10487,1.10495,1.10491
EUR_USD,1640001213.0,1.10487,1.10495,1.10491
EUR_USD,1640001214.0,1.10487,1.10495,1.10491
EUR_USD,1640001215.0,1.10488,1.10496,1.10492
EUR_USD,1640001216.0,1.10487,1.10495,1.10491
EUR_USD,1640001217.0,1.10488,1.10496,1.10492
EUR_USD,1640001218.0,1.10489,1.10497,1.10493
EUR_USD,1640001219.0,1.10489,1.10497,1.10493
EUR_USD,1640001220.0,1.10489,1.10497,1.10493
EUR_USD,1640001221.0,1.10489,1.10497,1.10493
EUR_USD,1640001222.0,1.1049,1.10498,1.10494
EUR_USD,1640001223.0,1.10488,1.10496,1.10492
EUR_USD,1640001224.0,1.10486,1.10494,1.1049
EUR_USD,1640001225.0,1.10485,1.10493,1.10489
EUR_USD,1640001226.0,1.10486,1.10494,1.1049
EUR_USD,1640001227.0,1.10487,1.10495,1.10491
EUR_USD,1640001228.0,1.10485,1.10493,1.10489
EUR_USD,1640001229.0,1.10485,1.10493,1.10489
EUR_USD,1640001230.0,1.10485,1.10493,1.10489
EUR_USD,1640001231.0,1.10484,1.10492,1.10488
EUR_USD,1640001232.0,1.10484,1.10492,1.10488
EUR_USD,1640001233.0,1.10484,1.10492,1.10488
EUR_USD,1640001234.0,1.10482,1.1049,1.10486
EUR_USD,1640001235.0,1.10484,1.10492,1.10488
EUR_USD,1640001236.0,1.10484,1.10492,1.10488
EUR_USD,1640001237.0,1.10486,1.10494,1.1049
EUR_USD,1640001238.0,1.10487,1.10495,1.10491
EUR_USD,1640001239.0,1.10488,1.10496,1.10492
EUR_USD,1640001240.0,1.10487,1.10495,1.10491
EUR_USD,1640001241.0,1.10486,1.10494,1.1049
EUR_USD,1640001242.0,1.10485,1.10493,1.10489
EUR_USD,1640001243.0,1.10485,1.10493,1.10489
EUR_USD,1640001244.0,1.10485,1.10493,1.10489
EUR_USD,1640001245.0,1.10484,1.10492,1.10488
EUR_USD,1640001246.0,1.10484,1.10492,1.10488
EUR_USD,1640001247.0,1.10483,1.10491,1.10487
EUR_USD,1640001248.0,1.10483,1.10491,1.10487
EUR_USD,1640001249.0,1.10484,1.10492,1.10488
EUR_USD,1640001250.0,1.10483,1.10491,1.10487
EUR_USD,1640001251.0,1.10483,1.10491,1.10487
EUR_USD,1640001252.0,1.10483,1.10491,1.10487
EUR_USD,1640001253.0,1.10483,1.10491,1.10487
EUR_USD,1640001254.0,1.10486,1.10494,1.1049
EUR_USD,1640001255.0,1.10488,1.10496,1.10492
EUR_USD,1640001256.0,1.10487,1.10495,1.10491
EUR_USD,1640001257.0,1.10486,1.10494,1.1049
EUR_USD,1640001258.0,1.10486,1.10494,1.1049
EUR_USD,1640001259.0,1.10486,1.10494,1.1049
EUR_USD,1640001260.0,1.10487,1.10495,1.10491
EUR_USD,1640001261.0,1.10487,1.10495,1.10491
EUR_USD,1640001262.0,1.10487,1.10495,1.10491
EUR_USD,1640001263.0,1.10488,1.10496,1.10492
EUR_USD,1640001264.0,1.10488,1.10496,1.10492
EUR_USD,1640001265.0,1.10488,1.10496,1.10492
EUR_USD,1640001266.0,1.10487,1.10495,1.10491
EUR_USD,1640001267.0,1.10488,1.10496,1.10492
EUR_USD,1640001268.0,1.10485,1.10493,1.10489
EUR_USD,1640001269.0,1.10485,1.10493,1.10489
EUR_USD,1640001270.0,1.10484,1.10492,1.10488
EUR_USD,1640001271.0,1.10484,1.10492,1.10488
EUR_USD,1640001272.0,1.10483,1.10491,1.10487
EUR_USD,1640001273.0,1.10486,1.10494,1.1049
EUR_USD,1640001274.0,1.10485,1.10493,1.10489
EUR_USD,1640001275.0,1.10486,1.10494,1.1049
EUR_USD,1640001276.0,1.10485,1.10493,1.10489
EUR_USD,1640001277.0,1.10484,1.10492,1.10488
EUR_USD,1640001278.0,1.10484,1.10492,1.10488
EUR_USD,1640001279.0,1.10485,1.10493,1.10489
EUR_USD,1640001280.0,1.10486,1.10494,1.1049
EUR_USD,1640001281.0,1.10483,1.10491,1.10487
EUR_USD,1640001282.0,1.10483,1.10491,1.10487
EUR_USD,1640001283.0,1.10482,1.1049,1.10486
EUR_USD,1640001284.0,1.10481,1.10489,1.10485
EUR_USD,1640001285.0,1.10482,1.1049,1.10486
EUR_USD,1640001286.0,1.10482,1.1049,1.10486
EUR_USD,1640001287.0,1.10481,1.10489,1.10485
EUR_USD,1640001288.0,1.10482,1.1049,1.10486
EUR_USD,1640001289.0,1.10481,1.10489,1.10485
EUR_USD,1640001290.0,1.10483,1.10491,1.10487
EUR_USD,1640001291.0,1.10483,1.10491,1.10487
EUR_USD,1640001292.0,1.10485,1.10493,1.10489
EUR_USD,1640001293.0,1.10485,1.10493,1.10489
EUR_USD,1640001294.0,1.10485,1.10493,1.10489
EUR_USD,1640001295.0,1.10484,1.10492,1.10488
EUR_USD,1640001296.0,1.10484,1.10492,1.10488
EUR_USD,1640001297.0,1.10482,1.1049,1.10486
EUR_USD,1640001298.0,1.10482,1.1049,1.10486
EUR_USD,1640001299.0,1.10481,1.10489,1.10485
EUR_USD,1640001300.0,1.10479,1.10487,1.10483
EUR_USD,1640001301.0,1.10478,1.10486,1.10482
EUR_USD,1640001302.0,1.10479,1.10487,1.10483
EUR_USD,1640001303.0,1.10477,1.10485,1.10481
EUR_USD,1640001304.0,1.10475,1.10483,1.10479
EUR_USD,1640001305.0,1.10477,1.10485,1.10481
EUR_USD,1640001306.0,1.10477,1.10485,1.10481
EUR_USD,1640001307.0,1.10477,1.10485,1.10481
EUR_USD,1640001308.0,1.10476,1.10484,1.1048
EUR_USD,1640001309.0,1.10474,1.10482,1.10478
EUR_USD,1640001310.0,1.10472,1.1048,1.10476
EUR_USD,1640001311.0,1.10474,1.10482,1.10478
EUR_USD,1640001312.0,1.10473,1.10481,1.10477
EUR_USD,1640001313.0,1.10474,1.10482,1.10478
EUR_USD,1640001314.0,1.10474,1.10482,1.10478
EUR_USD,1640001315.0,1.10472,1.1048,1.10476
EUR_USD,1640001316.0,1.10474,1.10482,1.10478
EUR_USD,1640001317.0,1.10475,1.10483,1.10479
EUR_USD,1640001318.0,1.10475,1.10483,1.10479
EUR_USD,1640001319.0,1.10475,1.10483,1.10479
EUR_USD,1640001320.0,1.10475,1.10483,1.10479
EUR_USD,1640001321.0,1.10476,1.10484,1.1048
EUR_USD,1640001322.0,1.10476,1.10484,1.1048
EUR_USD,1640001323.0,1.10474,1.10482,1.10478
EUR_USD,1640001324.0,1.10476,1.10484,1.1048
EUR_USD,1640001325.0,1.10475,1.10483,1.10479
EUR_USD,1640001326.0,1.10474,1.10482,1.10478
EUR_USD,1640001327.0,1.10472,1.1048,1.10476
EUR_USD,1640001328.0,1.10471,1.10479,1.10475
EUR_USD,1640001329.0,1.10474,1.10482,1.10478
EUR_USD,1640001330.0,1.10474,1.10482,1.10478
EUR_USD,1640001331.0,1.10472,1.1048,1.10476
EUR_USD,1640001332.0,1.10473,1.10481,1.10477
EUR_USD,1640001333.0,1.10474,1.10482,1.10478
EUR_USD,1640001334.0,1.10475,1.10483,1.10479
EUR_USD,1640001335.0,1.10472,1.1048,1.10476
EUR_USD,1640001336.0,1.10473,1.10481,1.10477
EUR_USD,1640001337.0,1.10473,1.10481,1.10477
EUR_USD,1640001338.0,1.10471,1.10479,1.10475
EUR_USD,1640001339.0,1.10469,1.10477,1.10473
EUR_USD,1640001340.0,1.10469,1.10477,1.10473
EUR_USD,1640001341.0,1.10469,1.10477,1.10473
EUR_USD,1640001342.0,1.10469,1.10477,1.10473
EUR_USD,1640001343.0,1.1047,1.10478,1.10474
EUR_USD,1640001344.0,1.10469,1.10477,1.10473
EUR_USD,1640001345.0,1.10469,1.10477,1.10473
EUR_USD,1640001346.0,1.10467,1.10475,1.10471
EUR_USD,1640001347.0,1.10467,1.10475,1.10471
EUR_USD,1640001348.0,1.10469,1.10477,1.10473
EUR_USD,1640001349.0,1.10467,1.10475,1.10471
EUR_USD,1640001350.0,1.10467,1.10475,1.10471
EUR_USD,1640001351.0,1.10465,1.10473,1.10469
EUR_USD,1640001352.0,1.10468,1.10476,1.10472
EUR_USD,1640001353.0,1.10468,1.10476,1.10472
EUR_USD,1640001354.0,1.10467,1.10475,1.10471
EUR_USD,1640001355.0,1.10467,1.10475,1.10471
EUR_USD,1640001356.0,1.10466,1.10474,1.1047
EUR_USD,1640001357.0,1.10466,1.10474,1.1047
EUR_USD,1640001358.0,1.10466,1.10474,1.1047
EUR_USD,1640001359.0,1.10466,1.10474,1.1047
EUR_USD,1640001360.0,1.10465,1.10473,1.10469
EUR_USD,1640001361.0,1.10465,1.10473,1.10469
EUR_USD,1640001362.0,1.10465,1.10473,1.10469
EUR_USD,1640001363.0,1.10464,1.10472,1.10468
EUR_USD,1640001364.0,1.10465,1.10473,1.10469
EUR_USD,1640001365.0,1.10465,1.10473,1.10469
EUR_USD,1640001366.0,1.10464,1.10472,1.10468
EUR_USD,1640001367.0,1.10462,1.1047,1.10466
EUR_USD,1640001368.0,1.10461,1.10469,1.10465
EUR_USD,1640001369.0,1.10461,1.10469,1.10465
EUR_USD,1640001370.0,1.10462,1.1047,1.10466
EUR_USD,1640001371.0,1.10461,1.10469,1.10465
EUR_USD,1640001372.0,1.10461,1.10469,1.10465
EUR_USD,1640001373.0,1.10462,1.1047,1.10466
EUR_USD,1640001374.0,1.10463,1.10471,1.10467
EUR_USD,1640001375.0,1.10461,1.10469,1.10465
EUR_USD,1640001376.0,1.10463,1.10471,1.10467
EUR_USD,1640001377.0,1.10464,1.10472,1.10468
EUR_USD,1640001378.0,1.10466,1.10474,1.1047
EUR_USD,1640001379.0,1.10465,1.10473,1.10469
EUR_USD,1640001380.0,1.10465,1.10473,1.10469
EUR_USD,1640001381.0,1.10466,1.10474,1.1047
EUR_USD,1640001382.0,1.10466,1.10474,1.1047
EUR_USD,1640001383.0,1.10466,1.10474,1.1047
EUR_USD,1640001384.0,1.10468,1.10476,1.10472
EUR_USD,1640001385.0,1.10468,1.10476,1.10472
EUR_USD,1640001386.0,1.1047,1.10478,1.10474
EUR_USD,1640001387.0,1.10471,1.10479,1.10475
EUR_USD,1640001388.0,1.10471,1.10479,1.10475
EUR_USD,1640001389.0,1.1047,1.10478,1.10474
EUR_USD,1640001390.0,1.10469,1.10477,1.10473
EUR_USD,1640001391.0,1.10471,1.10479,1.10475
EUR_USD,1640001392.0,1.1047,1.10478,1.10474
EUR_USD,1640001393.0,1.10469,1.10477,1.10473
EUR_USD,1640001394.0,1.10468,1.10476,1.10472
EUR_USD,1640001395.0,1.10468,1.10476,1.10472
EUR_USD,1640001396.0,1.10468,1.10476,1.10472
EUR_USD,1640001397.0,1.10466,1.10474,1.1047
EUR_USD,1640001398.0,1.10465,1.10473,1.10469
EUR_USD,1640001399.0,1.10466,1.10474,1.1047
EUR_USD,1640001400.0,1.10466,1.10474,1.1047
EUR_USD,1640001401.0,1.10467,1.10475,1.10471
EUR_USD,1640001402.0,1.10468,1.10476,1.10472
EUR_USD,1640001403.0,1.10467,1.10475,1.10471
EUR_USD,1640001404.0,1.10465,1.10473,1.10469
EUR_USD,1640001405.0,1.10464,1.10472,1.10468
EUR_USD,1640001406.0,1.10465,1.10473,1.10469
EUR_USD,1640001407.0,1.10466,1.10474,1.1047
EUR_USD,1640001408.0,1.10466,1.10474,1.1047
EUR_USD,1640001409.0,1.10466,1.10474,1.1047
EUR_USD,1640001410.0,1.10467,1.10475,1.10471
EUR_USD,1640001411.0,1.10467,1.10475,1.10471
EUR_USD,1640001412.0,1.10466,1.10474,1.1047
EUR_USD,1640001413.0,1.10466,1.10474,1.1047
EUR_USD,1640001414.0,1.10467,1.10475,1.10471
EUR_USD,1640001415.0,1.10467,1.10475,1.10471
EUR_USD,1640001416.0,1.10467,1.10475,1.10471
EUR_USD,1640001417.0,1.10465,1.10473,1.10469
EUR_USD,1640001418.0,1.10466,1.10474,1.1047
EUR_USD,1640001419.0,1.10466,1.10474,1.1047
EUR_USD,1640001420.0,1.10465,1.10473,1.10469
EUR_USD,1640001421.0,1.10465,1.10473,1.10469
EUR_USD,1640001422.0,1.10466,1.10474,1.1047
EUR_USD,1640001423.0,1.10467,1.10475,1.10471
EUR_USD,1640001424.0,1.10469,1.10477,1.10473
EUR_USD,1640001425.0,1.10469,1.10477,1.10473
EUR_USD,1640001426.0,1.10469,1.10477,1.10473
EUR_USD,1640001427.0,1.10469,1.10477,1.10473
EUR_USD,1640001428.0,1.10469,1.10477,1.10473
EUR_USD,1640001429.0,1.10468,1.10476,1.10472
EUR_USD,1640001430.0,1.10469,1.10477,1.10473
EUR_USD,1640001431.0,1.10471,1.10479,1.10475
EUR_USD,1640001432.0,1.10472,1.1048,1.10476
EUR_USD,1640001433.0,1.10472,1.1048,1.10476
EUR_USD,1640001434.0,1.10472,1.1048,1.10476
EUR_USD,1640001435.0,1.10472,1.1048,1.10476
EUR_USD,1640001436.0,1.10469,1.10477,1.10473
EUR_USD,1640001437.0,1.1047,1.10478,1.10474
EUR_USD,1640001438.0,1.1047,1.10478,1.10474
EUR_USD,1640001439.0,1.10469,1.10477,1.10473
EUR_USD,1640001440.0,1.1047,1.10478,1.10474
EUR_USD,1640001441.0,1.1047,1.10478,1.10474
EUR_USD,1640001442.0,1.10472,1.1048,1.10476
EUR_USD,1640001443.0,1.10472,1.1048,1.10476
EUR_USD,1640001444.0,1.10471,1.10479,1.10475
EUR_USD,1640001445.0,1.10471,1.10479,1.10475
EUR_USD,1640001446.0,1.10471,1.10479,1.10475
EUR_USD,1640001447.0,1.1047,1.10478,1.10474
EUR_USD,1640001448.0,1.10469,1.10477,1.10473
EUR_USD,1640001449.0,1.10468,1.10476,1.10472
EUR_USD,1640001450.0,1.10469,1.10477,1.10473
EUR_USD,1640001451.0,1.10469,1.10477,1.10473
EUR_USD,1640001452.0,1.10468,1.10476,1.10472
EUR_USD,1640001453.0,1.10469,1.10477,1.10473
EUR_USD,1640001454.0,1.1047,1.10478,1.10474
EUR_USD,1640001455.0,1.10471,1.10479,1.10475
EUR_USD,1640001456.0,1.10472,1.1048,1.10476
EUR_USD,1640001457.0,1.10473,1.10481,1.10477
EUR_USD,1640001458.0,1.10473,1.10481,1.10477
EUR_USD,1640001459.0,1.10471,1.10479,1.10475
EUR_USD,1640001460.0,1.10471,1.10479,1.10475
EUR_USD,1640001461.0,1.1047,1.10478,1.10474
EUR_USD,1640001462.0,1.10471,1.10479,1.10475
EUR_USD,1640001463.0,1.10469,1.10477,1.10473
EUR_USD,1640001464.0,1.1047,1.10478,1.10474
EUR_USD,1640001465.0,1.10469,1.10477,1.10473
EUR_USD,1640001466.0,1.10468,1.10476,1.10472
EUR_USD,1640001467.0,1.10468,1.10476,1.10472
EUR_USD,1640001468.0,1.10469,1.10477,1.10473
EUR_USD,1640001469.0,1.10469,1.10477,1.10473
EUR_USD,1640001470.0,1.1047,1.10478,1.10474
EUR_USD,1640001471.0,1.10471,1.10479,1.10475
EUR_USD,1640001472.0,1.10471,1.10479,1.10475
EUR_USD,1640001473.0,1.10471,1.10479,1.10475
EUR_USD,1640001474.0,1.10471,1.10479,1.10475
EUR_USD,1640001475.0,1.10469,1.10477,1.10473
EUR_USD,1640001476.0,1.10471,1.10479,1.10475
EUR_USD,1640001477.0,1.10471,1.10479,1.10475
EUR_USD,1640001478.0,1.10469,1.10477,1.10473
EUR_USD,1640001479.0,1.10468,1.10476,1.10472
EUR_USD,1640001480.0,1.10467,1.10475,1.10471
EUR_USD,1640001481.0,1.10468,1.10476,1.10472
EUR_USD,1640001482.0,1.10466,1.10474,1.1047
EUR_USD,1640001483.0,1.10464,1.10472,1.10468
EUR_USD,1640001484.0,1.10464,1.10472,1.10468
EUR_USD,1640001485.0,1.10463,1.10471,1.10467
EUR_USD,1640001486.0,1.10464,1.10472,1.10468
EUR_USD,1640001487.0,1.10464,1.10472,1.10468
EUR_USD,1640001488.0,1.10464,1.10472,1.10468
EUR_USD,1640001489.0,1.10463,1.10471,1.10467
EUR_USD,1640001490.0,1.10463,1.10471,1.10467
EUR_USD,1640001491.0,1.10463,1.10471,1.10467
EUR_USD,1640001492.0,1.10462,1.1047,1.10466
EUR_USD,1640001493.0,1.10461,1.10469,1.10465
EUR_USD,1640001494.0,1.10461,1.10469,1.10465
EUR_USD,1640001495.0,1.1046,1.10468,1.10464
EUR_USD,1640001496.0,1.10459,1.10467,1.10463
EUR_USD,1640001497.0,1.10458,1.10466,1.10462
EUR_USD,1640001498.0,1.10458,1.10466,1.10462
EUR_USD,1640001499.0,1.10457,1.10465,1.10461
EUR_USD,1640001500.0,1.10459,1.10467,1.10463
EUR_USD,1640001501.0,1.10459,1.10467,1.10463
EUR_USD,1640001502.0,1.10462,1.1047,1.10466
EUR_USD,1640001503.0,1.10462,1.1047,1.10466
EUR_USD,1640001504.0,1.10462,1.1047,1.10466
EUR_USD,1640001505.0,1.10461,1.10469,1.10465
EUR_USD,1640001506.0,1.10462,1.1047,1.10466
EUR_USD,1640001507.0,1.10463,1.10471,1.10467
EUR_USD,1640001508.0,1.10462,1.1047,1.10466
EUR_USD,1640001509.0,1.10463,1.10471,1.10467
EUR_USD,1640001510.0,1.10464,1.10472,1.10468
EUR_USD,1640001511.0,1.10463,1.10471,1.10467
EUR_USD,1640001512.0,1.10463,1.10471,1.10467
EUR_USD,1640001513.0,1.10466,1.10474,1.1047
EUR_USD,1640001514.0,1.10467,1.10475,1.10471
EUR_USD,1640001515.0,1.10466,1.10474,1.1047
EUR_USD,1640001516.0,1.10465,1.10473,1.10469
EUR_USD,1640001517.0,1.10465,1.10473,1.10469
EUR_USD,1640001518.0,1.10464,1.10472,1.10468
EUR_USD,1640001519.0,1.10466,1.10474,1.1047
EUR_USD,1640001520.0,1.10465,1.10473,1.10469
EUR_USD,1640001521.0,1.10464,1.10472,1.10468
EUR_USD,1640001522.0,1.10464,1.10472,1.10468
EUR_USD,1640001523.0,1.10466,1.10474,1.1047
EUR_USD,1640001524.0,1.10463,1.10471,1.10467
EUR_USD,1640001525.0,1.10463,1.10471,1.10467
EUR_USD,1640001526.0,1.10461,1.10469,1.10465
EUR_USD,1640001527.0,1.10461,1.10469,1.10465
EUR_USD,1640001528.0,1.10462,1.1047,1.10466
EUR_USD,1640001529.0,1.10462,1.1047,1.10466
EUR_USD,1640001530.0,1.10462,1.1047,1.10466
EUR_USD,1640001531.0,1.10461,1.10469,1.10465
EUR_USD,1640001532.0,1.1046,1.10468,1.10464
EUR_USD,1640001533.0,1.1046,1.10468,1.10464
EUR_USD,1640001534.0,1.10458,1.10466,1.10462
EUR_USD,1640001535.0,1.10458,1.10466,1.10462
EUR_USD,1640001536.0,1.10457,1.10465,1.10461
EUR_USD,1640001537.0,1.10458,1.10466,1.10462
EUR_USD,1640001538.0,1.10459,1.10467,1.10463
EUR_USD,1640001539.0,1.10459,1.10467,1.10463
EUR_USD,1640001540.0,1.10463,1.10471,1.10467
EUR_USD,1640001541.0,1.10464,1.10472,1.10468
EUR_USD,1640001542.0,1.10465,1.10473,1.10469
EUR_USD,1640001543.0,1.10464,1.10472,1.10468
EUR_USD,1640001544.0,1.10463,1.10471,1.10467
EUR_USD,1640001545.0,1.10463,1.10471,1.10467
EUR_USD,1640001546.0,1.10465,1.10473,1.10469
EUR_USD,1640001547.0,1.10464,1.10472,1.10468
EUR_USD,1640001548.0,1.10465,1.10473,1.10469
EUR_USD,1640001549.0,1.10465,1.10473,1.10469
EUR_USD,1640001550.0,1.10465,1.10473,1.10469
EUR_USD,1640001551.0,1.10466,1.10474,1.1047
EUR_USD,1640001552.0,1.10466,1.10474,1.1047
EUR_USD,1640001553.0,1.10466,1.10474,1.1047
EUR_USD,1640001554.0,1.10465,1.10473,1.10469
EUR_USD,1640001555.0,1.10466,1.10474,1.1047
EUR_USD,1640001556.0,1.10466,1.10474,1.1047
EUR_USD,1640001557.0,1.10466,1.10474,1.1047
EUR_USD,1640001558.0,1.10465,1.10473,1.10469
EUR_USD,1640001559.0,1.10466,1.10474,1.1047
EUR_USD,1640001560.0,1.10466,1.10474,1.1047
EUR_USD,1640001561.0,1.10466,1.10474,1.1047
EUR_USD,1640001562.0,1.10466,1.10474,1.1047
EUR_USD,1640001563.0,1.10466,1.10474,1.1047
EUR_USD,1640001564.0,1.10466,1.10474,1.1047
EUR_USD,1640001565.0,1.10467,1.10475,1.10471
EUR_USD,1640001566.0,1.10468,1.10476,1.10472
EUR_USD,1640001567.0,1.10467,1.10475,1.10471
EUR_USD,1640001568.0,1.10467,1.10475,1.10471
EUR_USD,1640001569.0,1.10464,1.10472,1.10468
EUR_USD,1640001570.0,1.10465,1.10473,1.10469
EUR_USD,1640001571.0,1.10463,1.10471,1.10467
EUR_USD,1640001572.0,1.10462,1.1047,1.10466
EUR_USD,1640001573.0,1.10462,1.1047,1.10466
EUR_USD,1640001574.0,1.10462,1.1047,1.10466
EUR_USD,1640001575.0,1.10461,1.10469,1.10465
EUR_USD,1640001576.0,1.10462,1.1047,1.10466
EUR_USD,1640001577.0,1.10462,1.1047,1.10466
EUR_USD,1640001578.0,1.10462,1.1047,1.10466
EUR_USD,1640001579.0,1.10463,1.10471,1.10467
EUR_USD,1640001580.0,1.10463,1.10471,1.10467
EUR_USD,1640001581.0,1.10463,1.10471,1.10467
EUR_USD,1640001582.0,1.10463,1.10471,1.10467
EUR_USD,1640001583.0,1.10463,1.10471,1.10467
EUR_USD,1640001584.0,1.10463,1.10471,1.10467
EUR_USD,1640001585.0,1.10463,1.10471,1.10467
EUR_USD,1640001586.0,1.10463,1.10471,1.10467
EUR_USD,1640001587.0,1.10461,1.10469,1.10465
EUR_USD,1640001588.0,1.1046,1.10468,1.10464
EUR_USD,1640001589.0,1.10459,1.10467,1.10463
EUR_USD,1640001590.0,1.10458,1.10466,1.10462
EUR_USD,1640001591.0,1.10458,1.10466,1.10462
EUR_USD,1640001592.0,1.10459,1.10467,1.10463
EUR_USD,1640001593.0,1.10458,1.10466,1.10462
EUR_USD,1640001594.0,1.1046,1.10468,1.10464
EUR_USD,1640001595.0,1.1046,1.10468,1.10464
EUR_USD,1640001596.0,1.10461,1.10469,1.10465
EUR_USD,1640001597.0,1.10463,1.10471,1.10467
EUR_USD,1640001598.0,1.10462,1.1047,1.10466
EUR_USD,1640001599.0,1.10463,1.10471,1.10467
EUR_USD,1640001600.0,1.10463,1.10471,1.10467
EUR_USD,1640001601.0,1.10462,1.1047,1.10466
EUR_USD,1640001602.0,1.10462,1.1047,1.10466
EUR_USD,1640001603.0,1.1046,1.10468,1.10464
EUR_USD,1640001604.0,1.10461,1.10469,1.10465
EUR_USD,1640001605.0,1.1046,1.10468,1.10464
EUR_USD,1640001606.0,1.10458,1.10466,1.10462
EUR_USD,1640001607.0,1.10458,1.10466,1.10462
EUR_USD,1640001608.0,1.10455,1.10463,1.10459
EUR_USD,1640001609.0,1.10453,1.10461,1.10457
EUR_USD,1640001610.0,1.10451,1.10459,1.10455
EUR_USD,1640001611.0,1.1045,1.10458,1.10454
EUR_USD,1640001612.0,1.10449,1.10457,1.10453
EUR_USD,1640001613.0,1.10448,1.10456,1.10452
EUR_USD,1640001614.0,1.10447,1.10455,1.10451
EUR_USD,1640001615.0,1.10447,1.10455,1.10451
EUR_USD,1640001616.0,1.10447,1.10455,1.10451
EUR_USD,1640001617.0,1.10448,1.10456,1.10452
EUR_USD,1640001618.0,1.10449,1.10457,1.10453
EUR_USD,1640001619.0,1.10447,1.10455,1.10451
EUR_USD,1640001620.0,1.10447,1.10455,1.10451
EUR_USD,1640001621.0,1.10445,1.10453,1.10449
EUR_USD,1640001622.0,1.10446,1.10454,1.1045
EUR_USD,1640001623.0,1.10446,1.10454,1.1045
EUR_USD,1640001624.0,1.10446,1.10454,1.1045
EUR_USD,1640001625.0,1.10445,1.10453,1.10449
EUR_USD,1640001626.0,1.10444,1.10452,1.10448
EUR_USD,1640001627.0,1.10444,1.10452,1.10448
EUR_USD,1640001628.0,1.10443,1.10451,1.10447
EUR_USD,1640001629.0,1.10442,1.1045,1.10446
EUR_USD,1640001630.0,1.10443,1.10451,1.10447
EUR_USD,1640001631.0,1.10442,1.1045,1.10446
EUR_USD,1640001632.0,1.10441,1.10449,1.10445
EUR_USD,1640001633.0,1.1044,1.10448,1.10444
EUR_USD,1640001634.0,1.10439,1.10447,1.10443
EUR_USD,1640001635.0,1.10441,1.10449,1.10445
EUR_USD,1640001636.0,1.10443,1.10451,1.10447
EUR_USD,1640001637.0,1.10443,1.10451,1.10447
EUR_USD,1640001638.0,1.10446,1.10454,1.1045
EUR_USD,1640001639.0,1.10446,1.10454,1.1045
EUR_USD,1640001640.0,1.10445,1.10453,1.10449
EUR_USD,1640001641.0,1.10446,1.10454,1.1045
EUR_USD,1640001642.0,1.10446,1.10454,1.1045
EUR_USD,1640001643.0,1.10447,1.10455,1.10451
EUR_USD,1640001644.0,1.10445,1.10453,1.10449
EUR_USD,1640001645.0,1.10445,1.10453,1.10449
EUR_USD,1640001646.0,1.10445,1.10453,1.10449
EUR_USD,1640001647.0,1.10445,1.10453,1.10449
EUR_USD,1640001648.0,1.10445,1.10453,1.10449
EUR_USD,1640001649.0,1.10443,1.10451,1.10447
EUR_USD,1640001650.0,1.10444,1.10452,1.10448
EUR_USD,1640001651.0,1.10443,1.10451,1.10447
EUR_USD,1640001652.0,1.10442,1.1045,1.10446
EUR_USD,1640001653.0,1.10441,1.10449,1.10445
EUR_USD,1640001654.0,1.10442,1.1045,1.10446
EUR_USD,1640001655.0,1.10443,1.10451,1.10447
EUR_USD,1640001656.0,1.10444,1.10452,1.10448
EUR_USD,1640001657.0,1.10441,1.10449,1.10445
EUR_USD,1640001658.0,1.10443,1.10451,1.10447
EUR_USD,1640001659.0,1.10443,1.10451,1.10447
EUR_USD,1640001660.0,1.10443,1.10451,1.10447
EUR_USD,1640001661.0,1.1044,1.10448,1.10444
EUR_USD,1640001662.0,1.1044,1.10448,1.10444
EUR_USD,1640001663.0,1.1044,1.10448,1.10444
EUR_USD,1640001664.0,1.10439,1.10447,1.10443
EUR_USD,1640001665.0,1.10439,1.10447,1.10443
EUR_USD,1640001666.0,1.10438,1.10446,1.10442
EUR_USD,1640001667.0,1.10437,1.10445,1.10441
EUR_USD,1640001668.0,1.10437,1.10445,1.10441
EUR_USD,1640001669.0,1.10437,1.10445,1.10441
EUR_USD,1640001670.0,1.10437,1.10445,1.10441
EUR_USD,1640001671.0,1.10438,1.10446,1.10442
EUR_USD,1640001672.0,1.1044,1.10448,1.10444
EUR_USD,1640001673.0,1.1044,1.10448,1.10444
EUR_USD,1640001674.0,1.10437,1.10445,1.10441
EUR_USD,1640001675.0,1.10435,1.10443,1.10439
EUR_USD,1640001676.0,1.10436,1.10444,1.1044
EUR_USD,1640001677.0,1.10434,1.10442,1.10438
EUR_USD,1640001678.0,1.10434,1.10442,1.10438
EUR_USD,1640001679.0,1.10435,1.10443,1.10439
EUR_USD,1640001680.0,1.10432,1.1044,1.10436
EUR_USD,1640001681.0,1.10431,1.10439,1.10435
EUR_USD,1640001682.0,1.1043,1.10438,1.10434
EUR_USD,1640001683.0,1.1043,1.10438,1.10434
EUR_USD,1640001684.0,1.10431,1.10439,1.10435
EUR_USD,1640001685.0,1.10431,1.10439,1.10435
EUR_USD,1640001686.0,1.10432,1.1044,1.10436
EUR_USD,1640001687.0,1.10432,1.1044,1.10436
EUR_USD,1640001688.0,1.10433,1.10441,1.10437
EUR_USD,1640001689.0,1.10434,1.10442,1.10438
EUR_USD,1640001690.0,1.10434,1.10442,1.10438
EUR_USD,1640001691.0,1.10432,1.1044,1.10436
EUR_USD,1640001692.0,1.10431,1.10439,1.10435
EUR_USD,1640001693.0,1.1043,1.10438,1.10434
EUR_USD,1640001694.0,1.1043,1.10438,1.10434
EUR_USD,1640001695.0,1.1043,1.10438,1.10434
EUR_USD,1640001696.0,1.1043,1.10438,1.10434
EUR_USD,1640001697.0,1.10429,1.10437,1.10433
EUR_USD,1640001698.0,1.10429,1.10437,1.10433
EUR_USD,1640001699.0,1.10429,1.10437,1.10433
EUR_USD,1640001700.0,1.10429,1.10437,1.10433
EUR_USD,1640001701.0,1.10429,1.10437,1.10433
EUR_USD,1640001702.0,1.10429,1.10437,1.10433
EUR_USD,1640001703.0,1.10429,1.10437,1.10433
EUR_USD,1640001704.0,1.10429,1.10437,1.10433
EUR_USD,1640001705.0,1.10427,1.10435,1.10431
EUR_USD,1640001706.0,1.10428,1.10436,1.10432
EUR_USD,1640001707.0,1.10428,1.10436,1.10432
EUR_USD,1640001708.0,1.10428,1.10436,1.10432
EUR_USD,1640001709.0,1.10426,1.10434,1.1043
EUR_USD,1640001710.0,1.10426,1.10434,1.1043
EUR_USD,1640001711.0,1.10426,1.10434,1.1043
EUR_USD,1640001712.0,1.10425,1.10433,1.10429
EUR_USD,1640001713.0,1.10424,1.10432,1.10428
EUR_USD,1640001714.0,1.10423,1.10431,1.10427
EUR_USD,1640001715.0,1.10423,1.10431,1.10427
EUR_USD,1640001716.0,1.10424,1.10432,1.10428
EUR_USD,1640001717.0,1.10422,1.1043,1.10426
EUR_USD,1640001718.0,1.10422,1.1043,1.10426
EUR_USD,1640001719.0,1.10421,1.10429,1.10425
EUR_USD,1640001720.0,1.10422,1.1043,1.10426
EUR_USD,1640001721.0,1.10421,1.10429,1.10425
EUR_USD,1640001722.0,1.10421,1.10429,1.10425
EUR_USD,1640001723.0,1.10422,1.1043,1.10426
EUR_USD,1640001724.0,1.10422,1.1043,1.10426
EUR_USD,1640001725.0,1.10423,1.10431,1.10427
EUR_USD,1640001726.0,1.10422,1.1043,1.10426
EUR_USD,1640001727.0,1.10422,1.1043,1.10426
EUR_USD,1640001728.0,1.10424,1.10432,1.10428
EUR_USD,1640001729.0,1.10425,1.10433,1.10429
EUR_USD,1640001730.0,1.10425,1.10433,1.10429
EUR_USD,1640001731.0,1.10422,1.1043,1.10426
EUR_USD,1640001732.0,1.10422,1.1043,1.10426
EUR_USD,1640001733.0,1.10421,1.10429,1.10425
EUR_USD,1640001734.0,1.10419,1.10427,1.10423
EUR_USD,1640001735.0,1.1042,1.10428,1.10424
EUR_USD,1640001736.0,1.10421,1.10429,1.10425
EUR_USD,1640001737.0,1.10421,1.10429,1.10425
EUR_USD,1640001738.0,1.10422,1.1043,1.10426
EUR_USD,1640001739.0,1.10423,1.10431,1.10427
EUR_USD,1640001740.0,1.10421,1.10429,1.10425
EUR_USD,1640001741.0,1.10423,1.10431,1.10427
EUR_USD,1640001742.0,1.10424,1.10432,1.10428
EUR_USD,1640001743.0,1.10424,1.10432,1.10428
EUR_USD,1640001744.0,1.10424,1.10432,1.10428
EUR_USD,1640001745.0,1.10422,1.1043,1.10426
EUR_USD,1640001746.0,1.10423,1.10431,1.10427
EUR_USD,1640001747.0,1.10423,1.10431,1.10427
EUR_USD,1640001748.0,1.10422,1.1043,1.10426
EUR_USD,1640001749.0,1.10421,1.10429,1.10425
EUR_USD,1640001750.0,1.10422,1.1043,1.10426
EUR_USD,1640001751.0,1.10422,1.1043,1.10426
EUR_USD,1640001752.0,1.10422,1.1043,1.10426
EUR_USD,1640001753.0,1.10421,1.10429,1.10425
EUR_USD,1640001754.0,1.10419,1.10427,1.10423
EUR_USD,1640001755.0,1.10419,1.10427,1.10423
EUR_USD,1640001756.0,1.10418,1.10426,1.10422
EUR_USD,1640001757.0,1.10419,1.10427,1.10423
EUR_USD,1640001758.0,1.10418,1.10426,1.10422
EUR_USD,1640001759.0,1.10418,1.10426,1.10422
EUR_USD,1640001760.0,1.10418,1.10426,1.10422
EUR_USD,1640001761.0,1.10419,1.10427,1.10423
EUR_USD,1640001762.0,1.10416,1.10424,1.1042
EUR_USD,1640001763.0,1.10417,1.10425,1.10421
EUR_USD,1640001764.0,1.10417,1.10425,1.10421
EUR_USD,1640001765.0,1.10417,1.10425,1.10421
EUR_USD,1640001766.0,1.10417,1.10425,1.10421
EUR_USD,1640001767.0,1.10417,1.10425,1.10421
EUR_USD,1640001768.0,1.10417,1.10425,1.10421
EUR_USD,1640001769.0,1.10418,1.10426,1.10422
EUR_USD,1640001770.0,1.10418,1.10426,1.10422
EUR_USD,1640001771.0,1.10419,1.10427,1.10423
EUR_USD,1640001772.0,1.1042,1.10428,1.10424
EUR_USD,1640001773.0,1.10421,1.10429,1.10425
EUR_USD,1640001774.0,1.1042,1.10428,1.10424
EUR_USD,1640001775.0,1.10421,1.10429,1.10425
EUR_USD,1640001776.0,1.1042,1.10428,1.10424
EUR_USD,1640001777.0,1.10422,1.1043,1.10426
EUR_USD,1640001778.0,1.10422,1.1043,1.10426
EUR_USD,1640001779.0,1.1042,1.10428,1.10424
EUR_USD,1640001780.0,1.10422,1.1043,1.10426
EUR_USD,1640001781.0,1.10424,1.10432,1.10428
EUR_USD,1640001782.0,1.10424,1.10432,1.10428
EUR_USD,1640001783.0,1.10424,1.10432,1.10428
EUR_USD,1640001784.0,1.10423,1.10431,1.10427
EUR_USD,1640001785.0,1.10424,1.10432,1.10428
EUR_USD,1640001786.0,1.10423,1.10431,1.10427
EUR_USD,1640001787.0,1.10422,1.1043,1.10426
EUR_USD,1640001788.0,1.10421,1.10429,1.10425
EUR_USD,1640001789.0,1.10423,1.10431,1.10427
EUR_USD,1640001790.0,1.10422,1.1043,1.10426
EUR_USD,1640001791.0,1.10424,1.10432,1.10428
EUR_USD,1640001792.0,1.10423,1.10431,1.10427
EUR_USD,1640001793.0,1.10424,1.10432,1.10428
EUR_USD,1640001794.0,1.10423,1.10431,1.10427
EUR_USD,1640001795.0,1.10426,1.10434,1.1043
EUR_USD,1640001796.0,1.10427,1.10435,1.10431
EUR_USD,1640001797.0,1.10427,1.10435,1.10431
EUR_USD,1640001798.0,1.10425,1.10433,1.10429
EUR_USD,1640001799.0,1.10424,1.10432,1.10428
EUR_USD,1640001800.0,1.10424,1.10432,1.10428
EUR_USD,1640001801.0,1.10425,1.10433,1.10429
EUR_USD,1640001802.0,1.10425,1.10433,1.10429
EUR_USD,1640001803.0,1.10424,1.10432,1.10428
EUR_USD,1640001804.0,1.10425,1.10433,1.10429
EUR_USD,1640001805.0,1.10425,1.10433,1.10429
EUR_USD,1640001806.0,1.10423,1.10431,1.10427
EUR_USD,1640001807.0,1.10424,1.10432,1.10428
EUR_USD,1640001808.0,1.10424,1.10432,1.10428
EUR_USD,1640001809.0,1.10425,1.10433,1.10429
EUR_USD,1640001810.0,1.10424,1.10432,1.10428
EUR_USD,1640001811.0,1.10426,1.10434,1.1043
EUR_USD,1640001812.0,1.10427,1.10435,1.10431
EUR_USD,1640001813.0,1.10426,1.10434,1.1043
EUR_USD,1640001814.0,1.10427,1.10435,1.10431
EUR_USD,1640001815.0,1.10425,1.10433,1.10429
EUR_USD,1640001816.0,1.10423,1.10431,1.10427
EUR_USD,1640001817.0,1.10424,1.10432,1.10428
EUR_USD,1640001818.0,1.10426,1.10434,1.1043
EUR_USD,1640001819.0,1.10426,1.10434,1.1043
EUR_USD,1640001820.0,1.10428,1.10436,1.10432
EUR_USD,1640001821.0,1.10428,1.10436,1.10432
EUR_USD,1640001822.0,1.10427,1.10435,1.10431
EUR_USD,1640001823.0,1.10426,1.10434,1.1043
EUR_USD,1640001824.0,1.10427,1.10435,1.10431
EUR_USD,1640001825.0,1.10429,1.10437,1.10433
EUR_USD,1640001826.0,1.1043,1.10438,1.10434
EUR_USD,1640001827.0,1.10428,1.10436,1.10432
EUR_USD,1640001828.0,1.10428,1.10436,1.10432
EUR_USD,1640001829.0,1.10427,1.10435,1.10431
EUR_USD,1640001830.0,1.10427,1.10435,1.10431
EUR_USD,1640001831.0,1.10429,1.10437,1.10433
EUR_USD,1640001832.0,1.10429,1.10437,1.10433
EUR_USD,1640001833.0,1.10428,1.10436,1.10432
EUR_USD,1640001834.0,1.10428,1.10436,1.10432
EUR_USD,1640001835.0,1.10428,1.10436,1.10432
EUR_USD,1640001836.0,1.10429,1.10437,1.10433
EUR_USD,1640001837.0,1.10428,1.10436,1.10432
EUR_USD,1640001838.0,1.10426,1.10434,1.1043
EUR_USD,1640001839.0,1.10427,1.10435,1.10431
EUR_USD,1640001840.0,1.10424,1.10432,1.10428
EUR_USD,1640001841.0,1.10423,1.10431,1.10427
EUR_USD,1640001842.0,1.10424,1.10432,1.10428
EUR_USD,1640001843.0,1.10424,1.10432,1.10428
EUR_USD,1640001844.0,1.10423,1.10431,1.10427
EUR_USD,1640001845.0,1.10424,1.10432,1.10428
EUR_USD,1640001846.0,1.10422,1.1043,1.10426
EUR_USD,1640001847.0,1.1042,1.10428,1.10424
EUR_USD,1640001848.0,1.1042,1.10428,1.10424
EUR_USD,1640001849.0,1.1042,1.10428,1.10424
EUR_USD,1640001850.0,1.1042,1.10428,1.10424
EUR_USD,1640001851.0,1.1042,1.10428,1.10424
EUR_USD,1640001852.0,1.10417,1.10425,1.10421
EUR_USD,1640001853.0,1.10417,1.10425,1.10421
EUR_USD,1640001854.0,1.10417,1.10425,1.10421
EUR_USD,1640001855.0,1.10416,1.10424,1.1042
EUR_USD,1640001856.0,1.10414,1.10422,1.10418
EUR_USD,1640001857.0,1.10413,1.10421,1.10417
EUR_USD,1640001858.0,1.10414,1.10422,1.10418
EUR_USD,1640001859.0,1.10415,1.10423,1.10419
EUR_USD,1640001860.0,1.10415,1.10423,1.10419
EUR_USD,1640001861.0,1.10417,1.10425,1.10421
EUR_USD,1640001862.0,1.10416,1.10424,1.1042
EUR_USD,1640001863.0,1.10415,1.10423,1.10419
EUR_USD,1640001864.0,1.10415,1.10423,1.10419
EUR_USD,1640001865.0,1.10414,1.10422,1.10418
EUR_USD,1640001866.0,1.10415,1.10423,1.10419
EUR_USD,1640001867.0,1.10414,1.10422,1.10418
EUR_USD,1640001868.0,1.10413,1.10421,1.10417
EUR_USD,1640001869.0,1.10415,1.10423,1.10419
EUR_USD,1640001870.0,1.10417,1.10425,1.10421
EUR_USD,1640001871.0,1.10416,1.10424,1.1042
EUR_USD,1640001872.0,1.10417,1.10425,1.10421
EUR_USD,1640001873.0,1.10417,1.10425,1.10421
EUR_USD,1640001874.0,1.10415,1.10423,1.10419
EUR_USD,1640001875.0,1.10417,1.10425,1.10421
EUR_USD,1640001876.0,1.10416,1.10424,1.1042
EUR_USD,1640001877.0,1.10416,1.10424,1.1042
EUR_USD,1640001878.0,1.10415,1.10423,1.10419
EUR_USD,1640001879.0,1.10414,1.10422,1.10418
EUR_USD,1640001880.0,1.10414,1.10422,1.10418
EUR_USD,1640001881.0,1.10415,1.10423,1.10419
EUR_USD,1640001882.0,1.10415,1.10423,1.10419
EUR_USD,1640001883.0,1.10415,1.10423,1.10419
EUR_USD,1640001884.0,1.10415,1.10423,1.10419
EUR_USD,1640001885.0,1.10412,1.1042,1.10416
EUR_USD,1640001886.0,1.10411,1.10419,1.10415
EUR_USD,1640001887.0,1.10412,1.1042,1.10416
EUR_USD,1640001888.0,1.10412,1.1042,1.10416
EUR_USD,1640001889.0,1.10412,1.1042,1.10416
EUR_USD,1640001890.0,1.10413,1.10421,1.10417
EUR_USD,1640001891.0,1.10413,1.10421,1.10417
EUR_USD,1640001892.0,1.10414,1.10422,1.10418
EUR_USD,1640001893.0,1.10416,1.10424,1.1042
EUR_USD,1640001894.0,1.10416,1.10424,1.1042
EUR_USD,1640001895.0,1.10416,1.10424,1.1042
EUR_USD,1640001896.0,1.10415,1.10423,1.10419
EUR_USD,1640001897.0,1.10415,1.10423,1.10419
EUR_USD,1640001898.0,1.10414,1.10422,1.10418
EUR_USD,1640001899.0,1.10413,1.10421,1.10417
EUR_USD,1640001900.0,1.10413,1.10421,1.10417
EUR_USD,1640001901.0,1.10414,1.10422,1.10418
EUR_USD,1640001902.0,1.10412,1.1042,1.10416
EUR_USD,1640001903.0,1.1041,1.10418,1.10414
EUR_USD,1640001904.0,1.10407,1.10415,1.10411
EUR_USD,1640001905.0,1.10407,1.10415,1.10411
EUR_USD,1640001906.0,1.10407,1.10415,1.10411
EUR_USD,1640001907.0,1.10407,1.10415,1.10411
EUR_USD,1640001908.0,1.10406,1.10414,1.1041
EUR_USD,1640001909.0,1.10405,1.10413,1.10409
EUR_USD,1640001910.0,1.10405,1.10413,1.10409
EUR_USD,1640001911.0,1.10404,1.10412,1.10408
EUR_USD,1640001912.0,1.10403,1.10411,1.10407
EUR_USD,1640001913.0,1.10402,1.1041,1.10406
EUR_USD,1640001914.0,1.10401,1.10409,1.10405
EUR_USD,1640001915.0,1.10402,1.1041,1.10406
EUR_USD,1640001916.0,1.10402,1.1041,1.10406
EUR_USD,1640001917.0,1.10402,1.1041,1.10406
EUR_USD,1640001918.0,1.10401,1.10409,1.10405
EUR_USD,1640001919.0,1.10401,1.10409,1.10405
EUR_USD,1640001920.0,1.10404,1.10412,1.10408
EUR_USD,1640001921.0,1.10402,1.1041,1.10406
EUR_USD,1640001922.0,1.10399,1.10407,1.10403
EUR_USD,1640001923.0,1.10399,1.10407,1.10403
EUR_USD,1640001924.0,1.104,1.10408,1.10404
EUR_USD,1640001925.0,1.10399,1.10407,1.10403
EUR_USD,1640001926.0,1.10399,1.10407,1.10403
EUR_USD,1640001927.0,1.10398,1.10406,1.10402
EUR_USD,1640001928.0,1.10399,1.10407,1.10403
EUR_USD,1640001929.0,1.10396,1.10404,1.104
EUR_USD,1640001930.0,1.10398,1.10406,1.10402
EUR_USD,1640001931.0,1.104,1.10408,1.10404
EUR_USD,1640001932.0,1.10401,1.10409,1.10405
EUR_USD,1640001933.0,1.10402,1.1041,1.10406
EUR_USD,1640001934.0,1.10402,1.1041,1.10406
EUR_USD,1640001935.0,1.10402,1.1041,1.10406
EUR_USD,1640001936.0,1.10402,1.1041,1.10406
EUR_USD,1640001937.0,1.10402,1.1041,1.10406
EUR_USD,1640001938.0,1.10401,1.10409,1.10405
EUR_USD,1640001939.0,1.10399,1.10407,1.10403
EUR_USD,1640001940.0,1.10399,1.10407,1.10403
EUR_USD,1640001941.0,1.104,1.10408,1.10404
EUR_USD,1640001942.0,1.10401,1.10409,1.10405
EUR_USD,1640001943.0,1.104,1.10408,1.10404
EUR_USD,1640001944.0,1.104,1.10408,1.10404
EUR_USD,1640001945.0,1.10401,1.10409,1.10405
EUR_USD,1640001946.0,1.10399,1.10407,1.10403
EUR_USD,1640001947.0,1.10398,1.10406,1.10402
EUR_USD,1640001948.0,1.10398,1.10406,1.10402
EUR_USD,1640001949.0,1.10396,1.10404,1.104
EUR_USD,1640001950.0,1.10395,1.10403,1.10399
EUR_USD,1640001951.0,1.10397,1.10405,1.10401
EUR_USD,1640001952.0,1.10397,1.10405,1.10401
EUR_USD,1640001953.0,1.10396,1.10404,1.104
EUR_USD,1640001954.0,1.10397,1.10405,1.10401
EUR_USD,1640001955.0,1.10395,1.10403,1.10399
EUR_USD,1640001956.0,1.10394,1.10402,1.10398
EUR_USD,1640001957.0,1.10395,1.10403,1.10399
EUR_USD,1640001958.0,1.10396,1.10404,1.104
EUR_USD,1640001959.0,1.10394,1.10402,1.10398
EUR_USD,1640001960.0,1.10393,1.10401,1.10397
EUR_USD,1640001961.0,1.10392,1.104,1.10396
EUR_USD,1640001962.0,1.10393,1.10401,1.10397
EUR_USD,1640001963.0,1.10393,1.10401,1.10397
EUR_USD,1640001964.0,1.10392,1.104,1.10396
EUR_USD,1640001965.0,1.10391,1.10399,1.10395
EUR_USD,1640001966.0,1.1039,1.10398,1.10394
EUR_USD,1640001967.0,1.1039,1.10398,1.10394
EUR_USD,1640001968.0,1.10391,1.10399,1.10395
EUR_USD,1640001969.0,1.10393,1.10401,1.10397
EUR_USD,1640001970.0,1.10393,1.10401,1.10397
EUR_USD,1640001971.0,1.10393,1.10401,1.10397
EUR_USD,1640001972.0,1.10392,1.104,1.10396
EUR_USD,1640001973.0,1.10391,1.10399,1.10395
EUR_USD,1640001974.0,1.10389,1.10397,1.10393
EUR_USD,1640001975.0,1.10388,1.10396,1.10392
EUR_USD,1640001976.0,1.10389,1.10397,1.10393
EUR_USD,1640001977.0,1.10386,1.10394,1.1039
EUR_USD,1640001978.0,1.10386,1.10394,1.1039
EUR_USD,1640001979.0,1.10387,1.10395,1.10391
EUR_USD,1640001980.0,1.10388,1.10396,1.10392
EUR_USD,1640001981.0,1.10387,1.10395,1.10391
EUR_USD,1640001982.0,1.10386,1.10394,1.1039
EUR_USD,1640001983.0,1.10385,1.10393,1.10389
EUR_USD,1640001984.0,1.10383,1.10391,1.10387
EUR_USD,1640001985.0,1.10383,1.10391,1.10387
EUR_USD,1640001986.0,1.10382,1.1039,1.10386
EUR_USD,1640001987.0,1.10381,1.10389,1.10385
EUR_USD,1640001988.0,1.10381,1.10389,1.10385
EUR_USD,1640001989.0,1.1038,1.10388,1.10384
EUR_USD,1640001990.0,1.10381,1.10389,1.10385
EUR_USD,1640001991.0,1.10379,1.10387,1.10383
EUR_USD,1640001992.0,1.10381,1.10389,1.10385
EUR_USD,1640001993.0,1.10382,1.1039,1.10386
EUR_USD,1640001994.0,1.10382,1.1039,1.10386
EUR_USD,1640001995.0,1.10383,1.10391,1.10387
EUR_USD,1640001996.0,1.10382,1.1039,1.10386
EUR_USD,1640001997.0,1.10382,1.1039,1.10386
EUR_USD,1640001998.0,1.10382,1.1039,1.10386
EUR_USD,1640001999.0,1.10382,1.1039,1.10386
EUR_USD,1640002000.0,1.10381,1.10389,1.10385
EUR_USD,1640002001.0,1.10382,1.1039,1.10386
EUR_USD,1640002002.0,1.10383,1.10391,1.10387
EUR_USD,1640002003.0,1.10384,1.10392,1.10388
EUR_USD,1640002004.0,1.10385,1.10393,1.10389
EUR_USD,1640002005.0,1.10385,1.10393,1.10389
EUR_USD,1640002006.0,1.10383,1.10391,1.10387
EUR_USD,1640002007.0,1.10383,1.10391,1.10387
EUR_USD,1640002008.0,1.10384,1.10392,1.10388
EUR_USD,1640002009.0,1.10382,1.1039,1.10386
EUR_USD,1640002010.0,1.10384,1.10392,1.10388
EUR_USD,1640002011.0,1.10384,1.10392,1.10388
EUR_USD,1640002012.0,1.10384,1.10392,1.10388
EUR_USD,1640002013.0,1.10385,1.10393,1.10389
EUR_USD,1640002014.0,1.10384,1.10392,1.10388
EUR_USD,1640002015.0,1.10383,1.10391,1.10387
EUR_USD,1640002016.0,1.10383,1.10391,1.10387
EUR_USD,1640002017.0,1.10382,1.1039,1.10386
EUR_USD,1640002018.0,1.10381,1.10389,1.10385
EUR_USD,1640002019.0,1.10381,1.10389,1.10385
EUR_USD,1640002020.0,1.1038,1.10388,1.10384
EUR_USD,1640002021.0,1.10379,1.10387,1.10383
EUR_USD,1640002022.0,1.10379,1.10387,1.10383
EUR_USD,1640002023.0,1.1038,1.10388,1.10384
EUR_USD,1640002024.0,1.1038,1.10388,1.10384
EUR_USD,1640002025.0,1.10381,1.10389,1.10385
EUR_USD,1640002026.0,1.1038,1.10388,1.10384
EUR_USD,1640002027.0,1.10378,1.10386,1.10382
EUR_USD,1640002028.0,1.10378,1.10386,1.10382
EUR_USD,1640002029.0,1.10377,1.10385,1.10381
EUR_USD,1640002030.0,1.10378,1.10386,1.10382
EUR_USD,1640002031.0,1.10379,1.10387,1.10383
EUR_USD,1640002032.0,1.10379,1.10387,1.10383
EUR_USD,1640002033.0,1.10378,1.10386,1.10382
EUR_USD,1640002034.0,1.10378,1.10386,1.10382
EUR_USD,1640002035.0,1.10377,1.10385,1.10381
EUR_USD,1640002036.0,1.10376,1.10384,1.1038
EUR_USD,1640002037.0,1.10375,1.10383,1.10379
EUR_USD,1640002038.0,1.10376,1.10384,1.1038
EUR_USD,1640002039.0,1.10377,1.10385,1.10381
EUR_USD,1640002040.0,1.10377,1.10385,1.10381
EUR_USD,1640002041.0,1.10379,1.10387,1.10383
EUR_USD,1640002042.0,1.10379,1.10387,1.10383
EUR_USD,1640002043.0,1.10379,1.10387,1.10383
EUR_USD,1640002044.0,1.1038,1.10388,1.10384
EUR_USD,1640002045.0,1.10381,1.10389,1.10385
EUR_USD,1640002046.0,1.1038,1.10388,1.10384
EUR_USD,1640002047.0,1.1038,1.10388,1.10384
EUR_USD,1640002048.0,1.1038,1.10388,1.10384
EUR_USD,1640002049.0,1.1038,1.10388,1.10384
EUR_USD,1640002050.0,1.1038,1.10388,1.10384
EUR_USD,1640002051.0,1.10381,1.10389,1.10385
EUR_USD,1640002052.0,1.10381,1.10389,1.10385
EUR_USD,1640002053.0,1.10381,1.10389,1.10385
EUR_USD,1640002054.0,1.1038,1.10388,1.10384
EUR_USD,1640002055.0,1.10381,1.10389,1.10385
EUR_USD,1640002056.0,1.1038,1.10388,1.10384
EUR_USD,1640002057.0,1.10381,1.10389,1.10385
EUR_USD,1640002058.0,1.1038,1.10388,1.10384
EUR_USD,1640002059.0,1.10382,1.1039,1.10386
EUR_USD,1640002060.0,1.10382,1.1039,1.10386
EUR_USD,1640002061.0,1.10383,1.10391,1.10387
EUR_USD,1640002062.0,1.10383,1.10391,1.10387
EUR_USD,1640002063.0,1.10384,1.10392,1.10388
EUR_USD,1640002064.0,1.10384,1.10392,1.10388
EUR_USD,1640002065.0,1.10385,1.10393,1.10389
EUR_USD,1640002066.0,1.10387,1.10395,1.10391
EUR_USD,1640002067.0,1.10388,1.10396,1.10392
EUR_USD,1640002068.0,1.10387,1.10395,1.10391
EUR_USD,1640002069.0,1.10388,1.10396,1.10392
EUR_USD,1640002070.0,1.1039,1.10398,1.10394
EUR_USD,1640002071.0,1.10389,1.10397,1.10393
EUR_USD,1640002072.0,1.10389,1.10397,1.10393
EUR_USD,1640002073.0,1.10388,1.10396,1.10392
EUR_USD,1640002074.0,1.10387,1.10395,1.10391
EUR_USD,1640002075.0,1.10388,1.10396,1.10392
EUR_USD,1640002076.0,1.10388,1.10396,1.10392
EUR_USD,1640002077.0,1.10387,1.10395,1.10391
EUR_USD,1640002078.0,1.10388,1.10396,1.10392
EUR_USD,1640002079.0,1.10388,1.10396,1.10392
EUR_USD,1640002080.0,1.10388,1.10396,1.10392
EUR_USD,1640002081.0,1.10389,1.10397,1.10393
EUR_USD,1640002082.0,1.10389,1.10397,1.10393
EUR_USD,1640002083.0,1.10389,1.10397,1.10393
EUR_USD,1640002084.0,1.10388,1.10396,1.10392
EUR_USD,1640002085.0,1.10388,1.10396,1.10392
EUR_USD,1640002086.0,1.10386,1.10394,1.1039
EUR_USD,1640002087.0,1.10385,1.10393,1.10389
EUR_USD,1640002088.0,1.10384,1.10392,1.10388
EUR_USD,1640002089.0,1.10385,1.10393,1.10389
EUR_USD,1640002090.0,1.10385,1.10393,1.10389
EUR_USD,1640002091.0,1.10386,1.10394,1.1039
EUR_USD,1640002092.0,1.10385,1.10393,1.10389
EUR_USD,1640002093.0,1.10385,1.10393,1.10389
EUR_USD,1640002094.0,1.10384,1.10392,1.10388
EUR_USD,1640002095.0,1.10386,1.10394,1.1039
EUR_USD,1640002096.0,1.10386,1.10394,1.1039
EUR_USD,1640002097.0,1.10388,1.10396,1.10392
EUR_USD,1640002098.0,1.10388,1.10396,1.10392
EUR_USD,1640002099.0,1.10387,1.10395,1.10391
EUR_USD,1640002100.0,1.10386,1.10394,1.1039
EUR_USD,1640002101.0,1.10387,1.10395,1.10391
EUR_USD,1640002102.0,1.10385,1.10393,1.10389
EUR_USD,1640002103.0,1.10382,1.1039,1.10386
EUR_USD,1640002104.0,1.10382,1.1039,1.10386
EUR_USD,1640002105.0,1.10381,1.10389,1.10385
EUR_USD,1640002106.0,1.10379,1.10387,1.10383
EUR_USD,1640002107.0,1.10378,1.10386,1.10382
EUR_USD,1640002108.0,1.10379,1.10387,1.10383
EUR_USD,1640002109.0,1.10379,1.10387,1.10383
EUR_USD,1640002110.0,1.10378,1.10386,1.10382
EUR_USD,1640002111.0,1.10378,1.10386,1.10382
EUR_USD,1640002112.0,1.10378,1.10386,1.10382
EUR_USD,1640002113.0,1.10379,1.10387,1.10383
EUR_USD,1640002114.0,1.10379,1.10387,1.10383
EUR_USD,1640002115.0,1.10378,1.10386,1.10382
EUR_USD,1640002116.0,1.10377,1.10385,1.10381
EUR_USD,1640002117.0,1.1038,1.10388,1.10384
EUR_USD,1640002118.0,1.1038,1.10388,1.10384
EUR_USD,1640002119.0,1.10381,1.10389,1.10385
EUR_USD,1640002120.0,1.10383,1.10391,1.10387
EUR_USD,1640002121.0,1.10382,1.1039,1.10386
EUR_USD,1640002122.0,1.10381,1.10389,1.10385
EUR_USD,1640002123.0,1.10378,1.10386,1.10382
EUR_USD,1640002124.0,1.10377,1.10385,1.10381
EUR_USD,1640002125.0,1.10376,1.10384,1.1038
EUR_USD,1640002126.0,1.10375,1.10383,1.10379
EUR_USD,1640002127.0,1.10374,1.10382,1.10378
EUR_USD,1640002128.0,1.10373,1.10381,1.10377
EUR_USD,1640002129.0,1.10373,1.10381,1.10377
EUR_USD,1640002130.0,1.10376,1.10384,1.1038
EUR_USD,1640002131.0,1.10375,1.10383,1.10379
EUR_USD,1640002132.0,1.10376,1.10384,1.1038
EUR_USD,1640002133.0,1.10378,1.10386,1.10382
EUR_USD,1640002134.0,1.10379,1.10387,1.10383
EUR_USD,1640002135.0,1.10376,1.10384,1.1038
EUR_USD,1640002136.0,1.10376,1.10384,1.1038
EUR_USD,1640002137.0,1.10374,1.10382,1.10378
EUR_USD,1640002138.0,1.10375,1.10383,1.10379
EUR_USD,1640002139.0,1.10374,1.10382,1.10378
EUR_USD,1640002140.0,1.10375,1.10383,1.10379
EUR_USD,1640002141.0,1.10372,1.1038,1.10376
EUR_USD,1640002142.0,1.10371,1.10379,1.10375
EUR_USD,1640002143.0,1.10372,1.1038,1.10376
EUR_USD,1640002144.0,1.10372,1.1038,1.10376
EUR_USD,1640002145.0,1.1037,1.10378,1.10374
EUR_USD,1640002146.0,1.10369,1.10377,1.10373
EUR_USD,1640002147.0,1.10368,1.10376,1.10372
EUR_USD,1640002148.0,1.10371,1.10379,1.10375
EUR_USD,1640002149.0,1.10371,1.10379,1.10375
EUR_USD,1640002150.0,1.10372,1.1038,1.10376
EUR_USD,1640002151.0,1.10369,1.10377,1.10373
EUR_USD,1640002152.0,1.1037,1.10378,1.10374
EUR_USD,1640002153.0,1.1037,1.10378,1.10374
EUR_USD,1640002154.0,1.1037,1.10378,1.10374
EUR_USD,1640002155.0,1.10369,1.10377,1.10373
EUR_USD,1640002156.0,1.10368,1.10376,1.10372
EUR_USD,1640002157.0,1.10369,1.10377,1.10373
EUR_USD,1640002158.0,1.10367,1.10375,1.10371
EUR_USD,1640002159.0,1.10368,1.10376,1.10372
EUR_USD,1640002160.0,1.10366,1.10374,1.1037
EUR_USD,1640002161.0,1.10366,1.10374,1.1037
EUR_USD,1640002162.0,1.10367,1.10375,1.10371
EUR_USD,1640002163.0,1.10366,1.10374,1.1037
EUR_USD,1640002164.0,1.10366,1.10374,1.1037
EUR_USD,1640002165.0,1.10365,1.10373,1.10369
EUR_USD,1640002166.0,1.10367,1.10375,1.10371
EUR_USD,1640002167.0,1.10367,1.10375,1.10371
EUR_USD,1640002168.0,1.10367,1.10375,1.10371
EUR_USD,1640002169.0,1.10368,1.10376,1.10372
EUR_USD,1640002170.0,1.1037,1.10378,1.10374
EUR_USD,1640002171.0,1.1037,1.10378,1.10374
EUR_USD,1640002172.0,1.1037,1.10378,1.10374
EUR_USD,1640002173.0,1.1037,1.10378,1.10374
EUR_USD,1640002174.0,1.10368,1.10376,1.10372
EUR_USD,1640002175.0,1.10369,1.10377,1.10373
EUR_USD,1640002176.0,1.10368,1.10376,1.10372
EUR_USD,1640002177.0,1.10368,1.10376,1.10372
EUR_USD,1640002178.0,1.10368,1.10376,1.10372
EUR_USD,1640002179.0,1.10369,1.10377,1.10373
EUR_USD,1640002180.0,1.10367,1.10375,1.10371
EUR_USD,1640002181.0,1.10366,1.10374,1.1037
EUR_USD,1640002182.0,1.10367,1.10375,1.10371
EUR_USD,1640002183.0,1.10367,1.10375,1.10371
EUR_USD,1640002184.0,1.10366,1.10374,1.1037
EUR_USD,1640002185.0,1.10364,1.10372,1.10368
EUR_USD,1640002186.0,1.10366,1.10374,1.1037
EUR_USD,1640002187.0,1.10366,1.10374,1.1037
