instrument,ts,bid,ask
EUR_USD,1640000000.0,1.08482,1.0849
USD_JPY,1640000000.0,110.4782,110.4862
GBP_USD,1640000000.0,1.26485,1.26493
EUR_USD,1640000001.0,1.08496,1.08504
USD_JPY,1640000001.0,110.50179,110.50979
GBP_USD,1640000001.0,1.26484,1.26492
EUR_USD,1640000002.0,1.08476,1.08484
USD_JPY,1640000002.0,110.50487,110.51287
GBP_USD,1640000002.0,1.26485,1.26493
EUR_USD,1640000003.0,1.08501,1.08509
USD_JPY,1640000003.0,110.51326,110.52126
GBP_USD,1640000003.0,1.26519,1.26527
EUR_USD,1640000004.0,1.08527,1.08535
USD_JPY,1640000004.0,110.52586,110.53386
GBP_USD,1640000004.0,1.26521,1.26529
EUR_USD,1640000005.0,1.0856,1.08568
USD_JPY,1640000005.0,110.54912,110.55712
GBP_USD,1640000005.0,1.26526,1.26534
EUR_USD,1640000006.0,1.08581,1.08589
USD_JPY,1640000006.0,110.61921,110.62721
GBP_USD,1640000006.0,1.26519,1.26527
EUR_USD,1640000007.0,1.08552,1.0856
USD_JPY,1640000007.0,110.60888,110.61688
GBP_USD,1640000007.0,1.2652,1.26528
EUR_USD,1640000008.0,1.08589,1.08597
USD_JPY,1640000008.0,110.62499,110.63299
GBP_USD,1640000008.0,1.26506,1.26514
EUR_USD,1640000009.0,1.08635,1.08643
USD_JPY,1640000009.0,110.65485,110.66285
GBP_USD,1640000009.0,1.26509,1.26517
EUR_USD,1640000010.0,1.08626,1.08634
USD_JPY,1640000010.0,110.64669,110.65469
GBP_USD,1640000010.0,1.26495,1.26503
EUR_USD,1640000011.0,1.0864,1.08648
USD_JPY,1640000011.0,110.65257,110.66057
GBP_USD,1640000011.0,1.26497,1.26505
EUR_USD,1640000012.0,1.08633,1.08641
USD_JPY,1640000012.0,110.6622,110.6702
GBP_USD,1640000012.0,1.26484,1.26492
EUR_USD,1640000013.0,1.08649,1.08657
USD_JPY,1640000013.0,110.64721,110.65521
GBP_USD,1640000013.0,1.26497,1.26505
EUR_USD,1640000014.0,1.08658,1.08666
USD_JPY,1640000014.0,110.67929,110.68729
GBP_USD,1640000014.0,1.26504,1.26512
EUR_USD,1640000015.0,1.08693,1.08701
USD_JPY,1640000015.0,110.70989,110.71789
GBP_USD,1640000015.0,1.26503,1.26511
EUR_USD,1640000016.0,1.08712,1.0872
USD_JPY,1640000016.0,110.76603,110.77403
GBP_USD,1640000016.0,1.265,1.26508
EUR_USD,1640000017.0,1.08719,1.08727
USD_JPY,1640000017.0,110.78948,110.79748
GBP_USD,1640000017.0,1.26517,1.26525
EUR_USD,1640000018.0,1.08726,1.08734
USD_JPY,1640000018.0,110.78693,110.79493
GBP_USD,1640000018.0,1.26526,1.26534
EUR_USD,1640000019.0,1.08737,1.08745
USD_JPY,1640000019.0,110.77254,110.78054
GBP_USD,1640000019.0,1.26548,1.26556
EUR_USD,1640000020.0,1.08761,1.08769
USD_JPY,1640000020.0,110.80174,110.80974
GBP_USD,1640000020.0,1.26566,1.26574
EUR_USD,1640000021.0,1.08773,1.08781
USD_JPY,1640000021.0,110.83776,110.84576
GBP_USD,1640000021.0,1.26568,1.26576
EUR_USD,1640000022.0,1.08778,1.08786
USD_JPY,1640000022.0,110.87125,110.87925
GBP_USD,1640000022.0,1.26574,1.26582
EUR_USD,1640000023.0,1.08767,1.08775
USD_JPY,1640000023.0,110.88163,110.88963
GBP_USD,1640000023.0,1.26578,1.26586
EUR_USD,1640000024.0,1.08739,1.08747
USD_JPY,1640000024.0,110.9027,110.9107
GBP_USD,1640000024.0,1.26562,1.2657
EUR_USD,1640000025.0,1.08715,1.08723
USD_JPY,1640000025.0,110.93462,110.94262
GBP_USD,1640000025.0,1.26565,1.26573
EUR_USD,1640000026.0,1.08728,1.08736
USD_JPY,1640000026.0,110.95438,110.96238
GBP_USD,1640000026.0,1.2659,1.26598
EUR_USD,1640000027.0,1.08717,1.08725
USD_JPY,1640000027.0,110.99466,111.00266
GBP_USD,1640000027.0,1.26596,1.26604
EUR_USD,1640000028.0,1.08688,1.08696
USD_JPY,1640000028.0,110.98829,110.99629
GBP_USD,1640000028.0,1.26596,1.26604
EUR_USD,1640000029.0,1.08654,1.08662
USD_JPY,1640000029.0,111.02391,111.03191
GBP_USD,1640000029.0,1.26586,1.26594
EUR_USD,1640000030.0,1.08656,1.08664
USD_JPY,1640000030.0,111.02393,111.03193
GBP_USD,1640000030.0,1.26577,1.26585
EUR_USD,1640000031.0,1.08664,1.08672
USD_JPY,1640000031.0,111.04766,111.05566
GBP_USD,1640000031.0,1.26571,1.26579
EUR_USD,1640000032.0,1.08708,1.08716
USD_JPY,1640000032.0,111.0271,111.0351
GBP_USD,1640000032.0,1.26561,1.26569
EUR_USD,1640000033.0,1.08697,1.08705
USD_JPY,1640000033.0,111.02494,111.03294
GBP_USD,1640000033.0,1.26575,1.26583
EUR_USD,1640000034.0,1.08712,1.0872
USD_JPY,1640000034.0,111.06742,111.07542
GBP_USD,1640000034.0,1.26575,1.26583
EUR_USD,1640000035.0,1.08762,1.0877
USD_JPY,1640000035.0,111.11251,111.12051
GBP_USD,1640000035.0,1.26576,1.26584
EUR_USD,1640000036.0,1.08743,1.08751
USD_JPY,1640000036.0,111.10392,111.11192
GBP_USD,1640000036.0,1.26565,1.26573
EUR_USD,1640000037.0,1.08752,1.0876
USD_JPY,1640000037.0,111.12005,111.12805
GBP_USD,1640000037.0,1.26571,1.26579
EUR_USD,1640000038.0,1.08773,1.08781
USD_JPY,1640000038.0,111.16013,111.16813
GBP_USD,1640000038.0,1.26579,1.26587
EUR_USD,1640000039.0,1.08782,1.0879
USD_JPY,1640000039.0,111.19062,111.19862
GBP_USD,1640000039.0,1.26589,1.26597
EUR_USD,1640000040.0,1.08758,1.08766
USD_JPY,1640000040.0,111.19287,111.20087
GBP_USD,1640000040.0,1.26581,1.26589
EUR_USD,1640000041.0,1.08726,1.08734
USD_JPY,1640000041.0,111.21459,111.22259
GBP_USD,1640000041.0,1.26591,1.26599
EUR_USD,1640000042.0,1.0871,1.08718
USD_JPY,1640000042.0,111.23408,111.24208
GBP_USD,1640000042.0,1.26591,1.26599
EUR_USD,1640000043.0,1.08727,1.08735
USD_JPY,1640000043.0,111.23212,111.24012
GBP_USD,1640000043.0,1.26585,1.26593
EUR_USD,1640000044.0,1.08681,1.08689
USD_JPY,1640000044.0,111.25196,111.25996
GBP_USD,1640000044.0,1.26572,1.2658
EUR_USD,1640000045.0,1.08648,1.08656
USD_JPY,1640000045.0,111.31197,111.31997
GBP_USD,1640000045.0,1.26569,1.26577
EUR_USD,1640000046.0,1.08668,1.08676
USD_JPY,1640000046.0,111.31266,111.32066
GBP_USD,1640000046.0,1.26586,1.26594
EUR_USD,1640000047.0,1.08689,1.08697
USD_JPY,1640000047.0,111.35331,111.36131
GBP_USD,1640000047.0,1.26566,1.26574
EUR_USD,1640000048.0,1.08644,1.08652
USD_JPY,1640000048.0,111.36974,111.37774
GBP_USD,1640000048.0,1.26562,1.2657
EUR_USD,1640000049.0,1.08646,1.08654
USD_JPY,1640000049.0,111.39049,111.39849
GBP_USD,1640000049.0,1.26567,1.26575
EUR_USD,1640000050.0,1.0865,1.08658
USD_JPY,1640000050.0,111.40696,111.41496
GBP_USD,1640000050.0,1.26585,1.26593
EUR_USD,1640000051.0,1.08676,1.08684
USD_JPY,1640000051.0,111.4571,111.4651
GBP_USD,1640000051.0,1.2659,1.26598
EUR_USD,1640000052.0,1.08686,1.08694
USD_JPY,1640000052.0,111.45312,111.46112
GBP_USD,1640000052.0,1.26596,1.26604
EUR_USD,1640000053.0,1.08683,1.08691
USD_JPY,1640000053.0,111.49315,111.50115
GBP_USD,1640000053.0,1.26562,1.2657
EUR_USD,1640000054.0,1.08716,1.08724
USD_JPY,1640000054.0,111.47136,111.47936
GBP_USD,1640000054.0,1.26549,1.26557
EUR_USD,1640000055.0,1.08744,1.08752
USD_JPY,1640000055.0,111.47544,111.48344
GBP_USD,1640000055.0,1.26541,1.26549
EUR_USD,1640000056.0,1.08758,1.08766
USD_JPY,1640000056.0,111.51743,111.52543
GBP_USD,1640000056.0,1.26525,1.26533
EUR_USD,1640000057.0,1.08755,1.08763
USD_JPY,1640000057.0,111.5372,111.5452
GBP_USD,1640000057.0,1.26527,1.26535
EUR_USD,1640000058.0,1.08742,1.0875
USD_JPY,1640000058.0,111.57306,111.58106
GBP_USD,1640000058.0,1.26544,1.26552
EUR_USD,1640000059.0,1.08774,1.08782
USD_JPY,1640000059.0,111.60294,111.61094
GBP_USD,1640000059.0,1.26524,1.26532
EUR_USD,1640000060.0,1.08788,1.08796
USD_JPY,1640000060.0,111.63674,111.64474
GBP_USD,1640000060.0,1.26541,1.26549
EUR_USD,1640000061.0,1.08842,1.0885
USD_JPY,1640000061.0,111.6291,111.6371
GBP_USD,1640000061.0,1.26538,1.26546
EUR_USD,1640000062.0,1.08871,1.08879
USD_JPY,1640000062.0,111.66583,111.67383
GBP_USD,1640000062.0,1.26534,1.26542
EUR_USD,1640000063.0,1.08846,1.08854
USD_JPY,1640000063.0,111.67505,111.68305
GBP_USD,1640000063.0,1.26536,1.26544
EUR_USD,1640000064.0,1.08885,1.08893
USD_JPY,1640000064.0,111.68988,111.69788
GBP_USD,1640000064.0,1.2655,1.26558
EUR_USD,1640000065.0,1.0887,1.08878
USD_JPY,1640000065.0,111.67063,111.67863
GBP_USD,1640000065.0,1.26561,1.26569
EUR_USD,1640000066.0,1.08855,1.08863
USD_JPY,1640000066.0,111.71558,111.72358
GBP_USD,1640000066.0,1.26539,1.26547
EUR_USD,1640000067.0,1.08874,1.08882
USD_JPY,1640000067.0,111.74428,111.75228
GBP_USD,1640000067.0,1.26519,1.26527
EUR_USD,1640000068.0,1.0891,1.08918
USD_JPY,1640000068.0,111.77919,111.78719
GBP_USD,1640000068.0,1.26496,1.26504
EUR_USD,1640000069.0,1.08887,1.08895
USD_JPY,1640000069.0,111.80106,111.80906
GBP_USD,1640000069.0,1.26517,1.26525
EUR_USD,1640000070.0,1.08899,1.08907
USD_JPY,1640000070.0,111.85356,111.86156
GBP_USD,1640000070.0,1.26551,1.26559
EUR_USD,1640000071.0,1.08912,1.0892
USD_JPY,1640000071.0,111.8465,111.8545
GBP_USD,1640000071.0,1.26539,1.26547
EUR_USD,1640000072.0,1.08888,1.08896
USD_JPY,1640000072.0,111.80731,111.81531
GBP_USD,1640000072.0,1.26546,1.26554
EUR_USD,1640000073.0,1.08928,1.08936
USD_JPY,1640000073.0,111.84424,111.85224
GBP_USD,1640000073.0,1.26561,1.26569
EUR_USD,1640000074.0,1.08969,1.08977
USD_JPY,1640000074.0,111.89012,111.89812
GBP_USD,1640000074.0,1.26569,1.26577
EUR_USD,1640000075.0,1.08933,1.08941
USD_JPY,1640000075.0,111.88826,111.89626
GBP_USD,1640000075.0,1.2658,1.26588
EUR_USD,1640000076.0,1.08951,1.08959
USD_JPY,1640000076.0,111.90083,111.90883
GBP_USD,1640000076.0,1.26583,1.26591
EUR_USD,1640000077.0,1.08974,1.08982
USD_JPY,1640000077.0,111.88531,111.89331
GBP_USD,1640000077.0,1.26594,1.26602
EUR_USD,1640000078.0,1.09008,1.09016
USD_JPY,1640000078.0,111.89307,111.90107
GBP_USD,1640000078.0,1.26596,1.26604
EUR_USD,1640000079.0,1.0898,1.08988
USD_JPY,1640000079.0,111.94524,111.95324
GBP_USD,1640000079.0,1.26596,1.26604
EUR_USD,1640000080.0,1.09028,1.09036
USD_JPY,1640000080.0,111.95917,111.96717
GBP_USD,1640000080.0,1.26568,1.26576
EUR_USD,1640000081.0,1.09046,1.09054
USD_JPY,1640000081.0,111.98218,111.99018
GBP_USD,1640000081.0,1.26573,1.26581
EUR_USD,1640000082.0,1.09078,1.09086
USD_JPY,1640000082.0,111.96296,111.97096
GBP_USD,1640000082.0,1.26566,1.26574
EUR_USD,1640000083.0,1.09084,1.09092
USD_JPY,1640000083.0,111.97222,111.98022
GBP_USD,1640000083.0,1.26555,1.26563
EUR_USD,1640000084.0,1.0912,1.09128
USD_JPY,1640000084.0,112.007,112.015
GBP_USD,1640000084.0,1.26568,1.26576
EUR_USD,1640000085.0,1.09141,1.09149
USD_JPY,1640000085.0,112.02338,112.03138
GBP_USD,1640000085.0,1.26544,1.26552
EUR_USD,1640000086.0,1.09131,1.09139
USD_JPY,1640000086.0,112.03424,112.04224
GBP_USD,1640000086.0,1.26541,1.26549
EUR_USD,1640000087.0,1.09149,1.09157
USD_JPY,1640000087.0,112.05863,112.06663
GBP_USD,1640000087.0,1.26544,1.26552
EUR_USD,1640000088.0,1.09131,1.09139
USD_JPY,1640000088.0,112.04232,112.05032
GBP_USD,1640000088.0,1.26528,1.26536
EUR_USD,1640000089.0,1.0912,1.09128
USD_JPY,1640000089.0,112.0684,112.0764
GBP_USD,1640000089.0,1.26516,1.26524
EUR_USD,1640000090.0,1.0915,1.09158
USD_JPY,1640000090.0,112.06896,112.07696
GBP_USD,1640000090.0,1.2651,1.26518
EUR_USD,1640000091.0,1.0917,1.09178
USD_JPY,1640000091.0,112.11344,112.12144
GBP_USD,1640000091.0,1.26522,1.2653
EUR_USD,1640000092.0,1.09191,1.09199
USD_JPY,1640000092.0,112.13256,112.14056
GBP_USD,1640000092.0,1.26497,1.26505
EUR_USD,1640000093.0,1.09211,1.09219
USD_JPY,1640000093.0,112.18584,112.19384
GBP_USD,1640000093.0,1.26514,1.26522
EUR_USD,1640000094.0,1.09183,1.09191
USD_JPY,1640000094.0,112.26037,112.26837
GBP_USD,1640000094.0,1.26522,1.2653
EUR_USD,1640000095.0,1.092,1.09208
USD_JPY,1640000095.0,112.2949,112.3029
GBP_USD,1640000095.0,1.26529,1.26537
EUR_USD,1640000096.0,1.09212,1.0922
USD_JPY,1640000096.0,112.32405,112.33205
GBP_USD,1640000096.0,1.26513,1.26521
EUR_USD,1640000097.0,1.09231,1.09239
USD_JPY,1640000097.0,112.33147,112.33947
GBP_USD,1640000097.0,1.26521,1.26529
EUR_USD,1640000098.0,1.09213,1.09221
USD_JPY,1640000098.0,112.3186,112.3266
GBP_USD,1640000098.0,1.26502,1.2651
EUR_USD,1640000099.0,1.09232,1.0924
USD_JPY,1640000099.0,112.34044,112.34844
GBP_USD,1640000099.0,1.26527,1.26535
EUR_USD,1640000100.0,1.09217,1.09225
USD_JPY,1640000100.0,112.34386,112.35186
GBP_USD,1640000100.0,1.26519,1.26527
EUR_USD,1640000101.0,1.09215,1.09223
USD_JPY,1640000101.0,112.33801,112.34601
GBP_USD,1640000101.0,1.26506,1.26514
EUR_USD,1640000102.0,1.09225,1.09233
USD_JPY,1640000102.0,112.3707,112.3787
GBP_USD,1640000102.0,1.26505,1.26513
EUR_USD,1640000103.0,1.09232,1.0924
USD_JPY,1640000103.0,112.36852,112.37652
GBP_USD,1640000103.0,1.26505,1.26513
EUR_USD,1640000104.0,1.09187,1.09195
USD_JPY,1640000104.0,112.35889,112.36689
GBP_USD,1640000104.0,1.2649,1.26498
EUR_USD,1640000105.0,1.09197,1.09205
USD_JPY,1640000105.0,112.40446,112.41246
GBP_USD,1640000105.0,1.26499,1.26507
EUR_USD,1640000106.0,1.09221,1.09229
USD_JPY,1640000106.0,112.46355,112.47155
GBP_USD,1640000106.0,1.26484,1.26492
EUR_USD,1640000107.0,1.09257,1.09265
USD_JPY,1640000107.0,112.43565,112.44365
GBP_USD,1640000107.0,1.26476,1.26484
EUR_USD,1640000108.0,1.09283,1.09291
USD_JPY,1640000108.0,112.4448,112.4528
GBP_USD,1640000108.0,1.26448,1.26456
EUR_USD,1640000109.0,1.09289,1.09297
USD_JPY,1640000109.0,112.45809,112.46609
GBP_USD,1640000109.0,1.26443,1.26451
EUR_USD,1640000110.0,1.09324,1.09332
USD_JPY,1640000110.0,112.47311,112.48111
GBP_USD,1640000110.0,1.26441,1.26449
EUR_USD,1640000111.0,1.09339,1.09347
USD_JPY,1640000111.0,112.50313,112.51113
GBP_USD,1640000111.0,1.26456,1.26464
EUR_USD,1640000112.0,1.09352,1.0936
USD_JPY,1640000112.0,112.53398,112.54198
GBP_USD,1640000112.0,1.2644,1.26448
EUR_USD,1640000113.0,1.09337,1.09345
USD_JPY,1640000113.0,112.56117,112.56917
GBP_USD,1640000113.0,1.2645,1.26458
EUR_USD,1640000114.0,1.09357,1.09365
USD_JPY,1640000114.0,112.58629,112.59429
GBP_USD,1640000114.0,1.26449,1.26457
EUR_USD,1640000115.0,1.09358,1.09366
USD_JPY,1640000115.0,112.58706,112.59506
GBP_USD,1640000115.0,1.26441,1.26449
EUR_USD,1640000116.0,1.09353,1.09361
USD_JPY,1640000116.0,112.60902,112.61702
GBP_USD,1640000116.0,1.26441,1.26449
EUR_USD,1640000117.0,1.09346,1.09354
USD_JPY,1640000117.0,112.64257,112.65057
GBP_USD,1640000117.0,1.26446,1.26454
EUR_USD,1640000118.0,1.09361,1.09369
USD_JPY,1640000118.0,112.66295,112.67095
GBP_USD,1640000118.0,1.2644,1.26448
EUR_USD,1640000119.0,1.09344,1.09352
USD_JPY,1640000119.0,112.69282,112.70082
GBP_USD,1640000119.0,1.26442,1.2645
EUR_USD,1640000120.0,1.09352,1.0936
USD_JPY,1640000120.0,112.73224,112.74024
GBP_USD,1640000120.0,1.26437,1.26445
EUR_USD,1640000121.0,1.09389,1.09397
USD_JPY,1640000121.0,112.75189,112.75989
GBP_USD,1640000121.0,1.26433,1.26441
EUR_USD,1640000122.0,1.09447,1.09455
USD_JPY,1640000122.0,112.80246,112.81046
GBP_USD,1640000122.0,1.26438,1.26446
EUR_USD,1640000123.0,1.09437,1.09445
USD_JPY,1640000123.0,112.85875,112.86675
GBP_USD,1640000123.0,1.26436,1.26444
EUR_USD,1640000124.0,1.09467,1.09475
USD_JPY,1640000124.0,112.86194,112.86994
GBP_USD,1640000124.0,1.26439,1.26447
EUR_USD,1640000125.0,1.09464,1.09472
USD_JPY,1640000125.0,112.93952,112.94752
GBP_USD,1640000125.0,1.26419,1.26427
EUR_USD,1640000126.0,1.09484,1.09492
USD_JPY,1640000126.0,112.93815,112.94615
GBP_USD,1640000126.0,1.26421,1.26429
EUR_USD,1640000127.0,1.09448,1.09456
USD_JPY,1640000127.0,113.02685,113.03485
GBP_USD,1640000127.0,1.26425,1.26433
EUR_USD,1640000128.0,1.09448,1.09456
USD_JPY,1640000128.0,113.05971,113.06771
GBP_USD,1640000128.0,1.26432,1.2644
EUR_USD,1640000129.0,1.09424,1.09432
USD_JPY,1640000129.0,113.07628,113.08428
GBP_USD,1640000129.0,1.26423,1.26431
EUR_USD,1640000130.0,1.09401,1.09409
USD_JPY,1640000130.0,113.08205,113.09005
GBP_USD,1640000130.0,1.26418,1.26426
EUR_USD,1640000131.0,1.09444,1.09452
USD_JPY,1640000131.0,113.11575,113.12375
GBP_USD,1640000131.0,1.26411,1.26419
EUR_USD,1640000132.0,1.09471,1.09479
USD_JPY,1640000132.0,113.15614,113.16414
GBP_USD,1640000132.0,1.26412,1.2642
EUR_USD,1640000133.0,1.09501,1.09509
USD_JPY,1640000133.0,113.18535,113.19335
GBP_USD,1640000133.0,1.26396,1.26404
EUR_USD,1640000134.0,1.09505,1.09513
USD_JPY,1640000134.0,113.18452,113.19252
GBP_USD,1640000134.0,1.2641,1.26418
EUR_USD,1640000135.0,1.09528,1.09536
USD_JPY,1640000135.0,113.1894,113.1974
GBP_USD,1640000135.0,1.26406,1.26414
EUR_USD,1640000136.0,1.09531,1.09539
USD_JPY,1640000136.0,113.23566,113.24366
GBP_USD,1640000136.0,1.26414,1.26422
EUR_USD,1640000137.0,1.095,1.09508
USD_JPY,1640000137.0,113.25192,113.25992
GBP_USD,1640000137.0,1.26413,1.26421
EUR_USD,1640000138.0,1.09519,1.09527
USD_JPY,1640000138.0,113.2623,113.2703
GBP_USD,1640000138.0,1.26396,1.26404
EUR_USD,1640000139.0,1.09502,1.0951
USD_JPY,1640000139.0,113.2719,113.2799
GBP_USD,1640000139.0,1.26403,1.26411
EUR_USD,1640000140.0,1.09549,1.09557
USD_JPY,1640000140.0,113.27581,113.28381
GBP_USD,1640000140.0,1.26397,1.26405
EUR_USD,1640000141.0,1.09556,1.09564
USD_JPY,1640000141.0,113.31434,113.32234
GBP_USD,1640000141.0,1.26396,1.26404
EUR_USD,1640000142.0,1.09581,1.09589
USD_JPY,1640000142.0,113.31408,113.32208
GBP_USD,1640000142.0,1.26396,1.26404
EUR_USD,1640000143.0,1.0955,1.09558
USD_JPY,1640000143.0,113.36275,113.37075
GBP_USD,1640000143.0,1.26396,1.26404
EUR_USD,1640000144.0,1.09542,1.0955
USD_JPY,1640000144.0,113.37448,113.38248
GBP_USD,1640000144.0,1.26401,1.26409
EUR_USD,1640000145.0,1.09592,1.096
USD_JPY,1640000145.0,113.40963,113.41763
GBP_USD,1640000145.0,1.26418,1.26426
EUR_USD,1640000146.0,1.09616,1.09624
USD_JPY,1640000146.0,113.3768,113.3848
GBP_USD,1640000146.0,1.26399,1.26407
EUR_USD,1640000147.0,1.09575,1.09583
USD_JPY,1640000147.0,113.39381,113.40181
GBP_USD,1640000147.0,1.26396,1.26404
EUR_USD,1640000148.0,1.09576,1.09584
USD_JPY,1640000148.0,113.37875,113.38675
GBP_USD,1640000148.0,1.26396,1.26404
EUR_USD,1640000149.0,1.09556,1.09564
USD_JPY,1640000149.0,113.4002,113.4082
GBP_USD,1640000149.0,1.2641,1.26418
EUR_USD,1640000150.0,1.09604,1.09612
USD_JPY,1640000150.0,113.41086,113.41886
GBP_USD,1640000150.0,1.264,1.26408
EUR_USD,1640000151.0,1.09578,1.09586
USD_JPY,1640000151.0,113.41514,113.42314
GBP_USD,1640000151.0,1.26414,1.26422
EUR_USD,1640000152.0,1.09597,1.09605
USD_JPY,1640000152.0,113.44656,113.45456
GBP_USD,1640000152.0,1.26439,1.26447
EUR_USD,1640000153.0,1.09632,1.0964
USD_JPY,1640000153.0,113.48217,113.49017
GBP_USD,1640000153.0,1.26421,1.26429
EUR_USD,1640000154.0,1.09692,1.097
USD_JPY,1640000154.0,113.51192,113.51992
GBP_USD,1640000154.0,1.26404,1.26412
EUR_USD,1640000155.0,1.09704,1.09712
USD_JPY,1640000155.0,113.55986,113.56786
GBP_USD,1640000155.0,1.26415,1.26423
EUR_USD,1640000156.0,1.09748,1.09756
USD_JPY,1640000156.0,113.60004,113.60804
GBP_USD,1640000156.0,1.26405,1.26413
EUR_USD,1640000157.0,1.09766,1.09774
USD_JPY,1640000157.0,113.60404,113.61204
GBP_USD,1640000157.0,1.26396,1.26404
EUR_USD,1640000158.0,1.09804,1.09812
USD_JPY,1640000158.0,113.60825,113.61625
GBP_USD,1640000158.0,1.26405,1.26413
EUR_USD,1640000159.0,1.09829,1.09837
USD_JPY,1640000159.0,113.6218,113.6298
GBP_USD,1640000159.0,1.26404,1.26412
EUR_USD,1640000160.0,1.09827,1.09835
USD_JPY,1640000160.0,113.65089,113.65889
GBP_USD,1640000160.0,1.26396,1.26404
EUR_USD,1640000161.0,1.09807,1.09815
USD_JPY,1640000161.0,113.64555,113.65355
GBP_USD,1640000161.0,1.26396,1.26404
EUR_USD,1640000162.0,1.09842,1.0985
USD_JPY,1640000162.0,113.65702,113.66502
GBP_USD,1640000162.0,1.26396,1.26404
EUR_USD,1640000163.0,1.09846,1.09854
USD_JPY,1640000163.0,113.71198,113.71998
GBP_USD,1640000163.0,1.26396,1.26404
EUR_USD,1640000164.0,1.09895,1.09903
USD_JPY,1640000164.0,113.77434,113.78234
GBP_USD,1640000164.0,1.26414,1.26422
EUR_USD,1640000165.0,1.09927,1.09935
USD_JPY,1640000165.0,113.79445,113.80245
GBP_USD,1640000165.0,1.26406,1.26414
EUR_USD,1640000166.0,1.09982,1.0999
USD_JPY,1640000166.0,113.82564,113.83364
GBP_USD,1640000166.0,1.26396,1.26404
EUR_USD,1640000167.0,1.09988,1.09996
USD_JPY,1640000167.0,113.86457,113.87257
GBP_USD,1640000167.0,1.26396,1.26404
EUR_USD,1640000168.0,1.10014,1.10022
USD_JPY,1640000168.0,113.90193,113.90993
GBP_USD,1640000168.0,1.26396,1.26404
EUR_USD,1640000169.0,1.10033,1.10041
USD_JPY,1640000169.0,113.9473,113.9553
GBP_USD,1640000169.0,1.26396,1.26404
EUR_USD,1640000170.0,1.10084,1.10092
USD_JPY,1640000170.0,113.95497,113.96297
GBP_USD,1640000170.0,1.26396,1.26404
EUR_USD,1640000171.0,1.10088,1.10096
USD_JPY,1640000171.0,113.98926,113.99726
GBP_USD,1640000171.0,1.26396,1.26404
EUR_USD,1640000172.0,1.10091,1.10099
USD_JPY,1640000172.0,113.98937,113.99737
GBP_USD,1640000172.0,1.26398,1.26406
EUR_USD,1640000173.0,1.10074,1.10082
USD_JPY,1640000173.0,114.02841,114.03641
GBP_USD,1640000173.0,1.26396,1.26404
EUR_USD,1640000174.0,1.10052,1.1006
USD_JPY,1640000174.0,114.07005,114.07805
GBP_USD,1640000174.0,1.26396,1.26404
EUR_USD,1640000175.0,1.10022,1.1003
USD_JPY,1640000175.0,114.12126,114.12926
GBP_USD,1640000175.0,1.26396,1.26404
EUR_USD,1640000176.0,1.10016,1.10024
USD_JPY,1640000176.0,114.14647,114.15447
GBP_USD,1640000176.0,1.26403,1.26411
EUR_USD,1640000177.0,1.10021,1.10029
USD_JPY,1640000177.0,114.16784,114.17584
GBP_USD,1640000177.0,1.26422,1.2643
EUR_USD,1640000178.0,1.10006,1.10014
USD_JPY,1640000178.0,114.18236,114.19036
GBP_USD,1640000178.0,1.26407,1.26415
EUR_USD,1640000179.0,1.10067,1.10075
USD_JPY,1640000179.0,114.2177,114.2257
GBP_USD,1640000179.0,1.26426,1.26434
EUR_USD,1640000180.0,1.10069,1.10077
USD_JPY,1640000180.0,114.21091,114.21891
GBP_USD,1640000180.0,1.2642,1.26428
EUR_USD,1640000181.0,1.10101,1.10109
USD_JPY,1640000181.0,114.19612,114.20412
GBP_USD,1640000181.0,1.26407,1.26415
EUR_USD,1640000182.0,1.10117,1.10125
USD_JPY,1640000182.0,114.24438,114.25238
GBP_USD,1640000182.0,1.26407,1.26415
EUR_USD,1640000183.0,1.10159,1.10167
USD_JPY,1640000183.0,114.31218,114.32018
GBP_USD,1640000183.0,1.26401,1.26409
EUR_USD,1640000184.0,1.10153,1.10161
USD_JPY,1640000184.0,114.34976,114.35776
GBP_USD,1640000184.0,1.2643,1.26438
EUR_USD,1640000185.0,1.10125,1.10133
USD_JPY,1640000185.0,114.42207,114.43007
GBP_USD,1640000185.0,1.2643,1.26438
EUR_USD,1640000186.0,1.10154,1.10162
USD_JPY,1640000186.0,114.45493,114.46293
GBP_USD,1640000186.0,1.26449,1.26457
EUR_USD,1640000187.0,1.10143,1.10151
USD_JPY,1640000187.0,114.50789,114.51589
GBP_USD,1640000187.0,1.26461,1.26469
EUR_USD,1640000188.0,1.10132,1.1014
USD_JPY,1640000188.0,114.49762,114.50562
GBP_USD,1640000188.0,1.26471,1.26479
EUR_USD,1640000189.0,1.10141,1.10149
USD_JPY,1640000189.0,114.5296,114.5376
GBP_USD,1640000189.0,1.26473,1.26481
EUR_USD,1640000190.0,1.10153,1.10161
USD_JPY,1640000190.0,114.53871,114.54671
GBP_USD,1640000190.0,1.26466,1.26474
EUR_USD,1640000191.0,1.10196,1.10204
USD_JPY,1640000191.0,114.60251,114.61051
GBP_USD,1640000191.0,1.26473,1.26481
EUR_USD,1640000192.0,1.10175,1.10183
USD_JPY,1640000192.0,114.6126,114.6206
GBP_USD,1640000192.0,1.2646,1.26468
EUR_USD,1640000193.0,1.10185,1.10193
USD_JPY,1640000193.0,114.62667,114.63467
GBP_USD,1640000193.0,1.26473,1.26481
EUR_USD,1640000194.0,1.10247,1.10255
USD_JPY,1640000194.0,114.64526,114.65326
GBP_USD,1640000194.0,1.26468,1.26476
EUR_USD,1640000195.0,1.10226,1.10234
USD_JPY,1640000195.0,114.6962,114.7042
GBP_USD,1640000195.0,1.26454,1.26462
EUR_USD,1640000196.0,1.10209,1.10217
USD_JPY,1640000196.0,114.71281,114.72081
GBP_USD,1640000196.0,1.2647,1.26478
EUR_USD,1640000197.0,1.10217,1.10225
USD_JPY,1640000197.0,114.73216,114.74016
GBP_USD,1640000197.0,1.26479,1.26487
EUR_USD,1640000198.0,1.1016,1.10168
USD_JPY,1640000198.0,114.72534,114.73334
GBP_USD,1640000198.0,1.26481,1.26489
EUR_USD,1640000199.0,1.10185,1.10193
USD_JPY,1640000199.0,114.72299,114.73099
GBP_USD,1640000199.0,1.26474,1.26482
EUR_USD,1640000200.0,1.1024,1.10248
USD_JPY,1640000200.0,114.74977,114.75777
GBP_USD,1640000200.0,1.26473,1.26481
EUR_USD,1640000201.0,1.10241,1.10249
USD_JPY,1640000201.0,114.79049,114.79849
GBP_USD,1640000201.0,1.26484,1.26492
EUR_USD,1640000202.0,1.10284,1.10292
USD_JPY,1640000202.0,114.79092,114.79892
GBP_USD,1640000202.0,1.26508,1.26516
EUR_USD,1640000203.0,1.10263,1.10271
USD_JPY,1640000203.0,114.82124,114.82924
GBP_USD,1640000203.0,1.26482,1.2649
EUR_USD,1640000204.0,1.10293,1.10301
USD_JPY,1640000204.0,114.83725,114.84525
GBP_USD,1640000204.0,1.26518,1.26526
EUR_USD,1640000205.0,1.10267,1.10275
USD_JPY,1640000205.0,114.91331,114.92131
GBP_USD,1640000205.0,1.26527,1.26535
EUR_USD,1640000206.0,1.1029,1.10298
USD_JPY,1640000206.0,114.9361,114.9441
GBP_USD,1640000206.0,1.26527,1.26535
EUR_USD,1640000207.0,1.10311,1.10319
USD_JPY,1640000207.0,114.93626,114.94426
GBP_USD,1640000207.0,1.26523,1.26531
EUR_USD,1640000208.0,1.10347,1.10355
USD_JPY,1640000208.0,114.94431,114.95231
GBP_USD,1640000208.0,1.26512,1.2652
EUR_USD,1640000209.0,1.10337,1.10345
USD_JPY,1640000209.0,115.0151,115.0231
GBP_USD,1640000209.0,1.2652,1.26528
EUR_USD,1640000210.0,1.10345,1.10353
USD_JPY,1640000210.0,115.03197,115.03997
GBP_USD,1640000210.0,1.26507,1.26515
EUR_USD,1640000211.0,1.10375,1.10383
USD_JPY,1640000211.0,115.06876,115.07676
GBP_USD,1640000211.0,1.26524,1.26532
EUR_USD,1640000212.0,1.10363,1.10371
USD_JPY,1640000212.0,115.07016,115.07816
GBP_USD,1640000212.0,1.26523,1.26531
EUR_USD,1640000213.0,1.10362,1.1037
USD_JPY,1640000213.0,115.10011,115.10811
GBP_USD,1640000213.0,1.26539,1.26547
EUR_USD,1640000214.0,1.10383,1.10391
USD_JPY,1640000214.0,115.09589,115.10389
GBP_USD,1640000214.0,1.26525,1.26533
EUR_USD,1640000215.0,1.10392,1.104
USD_JPY,1640000215.0,115.11227,115.12027
GBP_USD,1640000215.0,1.2654,1.26548
EUR_USD,1640000216.0,1.10387,1.10395
USD_JPY,1640000216.0,115.12214,115.13014
GBP_USD,1640000216.0,1.26531,1.26539
EUR_USD,1640000217.0,1.10401,1.10409
USD_JPY,1640000217.0,115.11166,115.11966
GBP_USD,1640000217.0,1.26529,1.26537
EUR_USD,1640000218.0,1.1045,1.10458
USD_JPY,1640000218.0,115.11647,115.12447
GBP_USD,1640000218.0,1.26525,1.26533
EUR_USD,1640000219.0,1.10511,1.10519
USD_JPY,1640000219.0,115.16135,115.16935
GBP_USD,1640000219.0,1.26528,1.26536
EUR_USD,1640000220.0,1.10525,1.10533
USD_JPY,1640000220.0,115.21495,115.22295
GBP_USD,1640000220.0,1.26544,1.26552
EUR_USD,1640000221.0,1.10515,1.10523
USD_JPY,1640000221.0,115.2328,115.2408
GBP_USD,1640000221.0,1.26533,1.26541
EUR_USD,1640000222.0,1.10503,1.10511
USD_JPY,1640000222.0,115.27615,115.28415
GBP_USD,1640000222.0,1.26527,1.26535
EUR_USD,1640000223.0,1.10459,1.10467
USD_JPY,1640000223.0,115.29845,115.30645
GBP_USD,1640000223.0,1.26539,1.26547
EUR_USD,1640000224.0,1.10414,1.10422
USD_JPY,1640000224.0,115.35985,115.36785
GBP_USD,1640000224.0,1.26527,1.26535
EUR_USD,1640000225.0,1.10419,1.10427
USD_JPY,1640000225.0,115.34125,115.34925
GBP_USD,1640000225.0,1.26552,1.2656
EUR_USD,1640000226.0,1.10481,1.10489
USD_JPY,1640000226.0,115.33283,115.34083
GBP_USD,1640000226.0,1.26547,1.26555
EUR_USD,1640000227.0,1.10488,1.10496
USD_JPY,1640000227.0,115.34563,115.35363
GBP_USD,1640000227.0,1.26532,1.2654
EUR_USD,1640000228.0,1.10489,1.10497
USD_JPY,1640000228.0,115.35464,115.36264
GBP_USD,1640000228.0,1.26534,1.26542
EUR_USD,1640000229.0,1.10509,1.10517
USD_JPY,1640000229.0,115.39369,115.40169
GBP_USD,1640000229.0,1.26538,1.26546
EUR_USD,1640000230.0,1.10491,1.10499
USD_JPY,1640000230.0,115.42156,115.42956
GBP_USD,1640000230.0,1.26547,1.26555
EUR_USD,1640000231.0,1.10433,1.10441
USD_JPY,1640000231.0,115.44659,115.45459
GBP_USD,1640000231.0,1.26565,1.26573
EUR_USD,1640000232.0,1.10481,1.10489
USD_JPY,1640000232.0,115.48287,115.49087
GBP_USD,1640000232.0,1.26571,1.26579
EUR_USD,1640000233.0,1.10477,1.10485
USD_JPY,1640000233.0,115.49991,115.50791
GBP_USD,1640000233.0,1.26587,1.26595
EUR_USD,1640000234.0,1.10489,1.10497
USD_JPY,1640000234.0,115.49696,115.50496
GBP_USD,1640000234.0,1.26572,1.2658
EUR_USD,1640000235.0,1.10481,1.10489
USD_JPY,1640000235.0,115.52743,115.53543
GBP_USD,1640000235.0,1.2657,1.26578
EUR_USD,1640000236.0,1.10465,1.10473
USD_JPY,1640000236.0,115.53042,115.53842
GBP_USD,1640000236.0,1.26596,1.26604
EUR_USD,1640000237.0,1.10502,1.1051
USD_JPY,1640000237.0,115.59323,115.60123
GBP_USD,1640000237.0,1.26596,1.26604
EUR_USD,1640000238.0,1.1054,1.10548
USD_JPY,1640000238.0,115.60851,115.61651
GBP_USD,1640000238.0,1.26596,1.26604
EUR_USD,1640000239.0,1.10567,1.10575
USD_JPY,1640000239.0,115.61252,115.62052
GBP_USD,1640000239.0,1.26596,1.26604
EUR_USD,1640000240.0,1.10589,1.10597
USD_JPY,1640000240.0,115.65282,115.66082
GBP_USD,1640000240.0,1.26586,1.26594
EUR_USD,1640000241.0,1.10616,1.10624
USD_JPY,1640000241.0,115.66247,115.67047
GBP_USD,1640000241.0,1.26589,1.26597
EUR_USD,1640000242.0,1.10628,1.10636
USD_JPY,1640000242.0,115.73703,115.74503
GBP_USD,1640000242.0,1.26596,1.26604
EUR_USD,1640000243.0,1.10643,1.10651
USD_JPY,1640000243.0,115.75918,115.76718
GBP_USD,1640000243.0,1.26588,1.26596
EUR_USD,1640000244.0,1.10607,1.10615
USD_JPY,1640000244.0,115.7786,115.7866
GBP_USD,1640000244.0,1.26588,1.26596
EUR_USD,1640000245.0,1.10621,1.10629
USD_JPY,1640000245.0,115.81295,115.82095
GBP_USD,1640000245.0,1.26584,1.26592
EUR_USD,1640000246.0,1.10628,1.10636
USD_JPY,1640000246.0,115.79475,115.80275
GBP_USD,1640000246.0,1.26596,1.26604
EUR_USD,1640000247.0,1.10654,1.10662
USD_JPY,1640000247.0,115.84087,115.84887
GBP_USD,1640000247.0,1.26596,1.26604
EUR_USD,1640000248.0,1.10679,1.10687
USD_JPY,1640000248.0,115.89149,115.89949
GBP_USD,1640000248.0,1.26596,1.26604
EUR_USD,1640000249.0,1.10693,1.10701
USD_JPY,1640000249.0,115.90729,115.91529
GBP_USD,1640000249.0,1.26596,1.26604
EUR_USD,1640000250.0,1.1071,1.10718
USD_JPY,1640000250.0,115.92766,115.93566
GBP_USD,1640000250.0,1.26596,1.26604
EUR_USD,1640000251.0,1.10737,1.10745
USD_JPY,1640000251.0,115.94167,115.94967
GBP_USD,1640000251.0,1.26596,1.26604
EUR_USD,1640000252.0,1.10704,1.10712
USD_JPY,1640000252.0,115.91091,115.91891
GBP_USD,1640000252.0,1.26596,1.26604
EUR_USD,1640000253.0,1.10667,1.10675
USD_JPY,1640000253.0,115.91579,115.92379
GBP_USD,1640000253.0,1.26596,1.26604
EUR_USD,1640000254.0,1.10723,1.10731
USD_JPY,1640000254.0,115.93914,115.94714
GBP_USD,1640000254.0,1.26578,1.26586
EUR_USD,1640000255.0,1.1075,1.10758
USD_JPY,1640000255.0,115.95661,115.96461
GBP_USD,1640000255.0,1.26593,1.26601
EUR_USD,1640000256.0,1.10748,1.10756
USD_JPY,1640000256.0,115.97204,115.98004
GBP_USD,1640000256.0,1.26591,1.26599
EUR_USD,1640000257.0,1.10759,1.10767
USD_JPY,1640000257.0,116.0391,116.0471
GBP_USD,1640000257.0,1.26582,1.2659
EUR_USD,1640000258.0,1.10794,1.10802
USD_JPY,1640000258.0,116.08056,116.08856
GBP_USD,1640000258.0,1.26573,1.26581
EUR_USD,1640000259.0,1.10765,1.10773
USD_JPY,1640000259.0,116.10485,116.11285
GBP_USD,1640000259.0,1.26595,1.26603
EUR_USD,1640000260.0,1.10787,1.10795
USD_JPY,1640000260.0,116.11728,116.12528
GBP_USD,1640000260.0,1.26596,1.26604
EUR_USD,1640000261.0,1.10803,1.10811
USD_JPY,1640000261.0,116.14731,116.15531
GBP_USD,1640000261.0,1.26596,1.26604
EUR_USD,1640000262.0,1.10847,1.10855
USD_JPY,1640000262.0,116.16605,116.17405
GBP_USD,1640000262.0,1.26596,1.26604
EUR_USD,1640000263.0,1.10814,1.10822
USD_JPY,1640000263.0,116.19697,116.20497
GBP_USD,1640000263.0,1.26596,1.26604
EUR_USD,1640000264.0,1.10819,1.10827
USD_JPY,1640000264.0,116.21376,116.22176
GBP_USD,1640000264.0,1.26595,1.26603
EUR_USD,1640000265.0,1.10842,1.1085
USD_JPY,1640000265.0,116.24072,116.24872
GBP_USD,1640000265.0,1.26575,1.26583
EUR_USD,1640000266.0,1.10867,1.10875
USD_JPY,1640000266.0,116.28584,116.29384
GBP_USD,1640000266.0,1.26574,1.26582
EUR_USD,1640000267.0,1.10879,1.10887
USD_JPY,1640000267.0,116.3173,116.3253
GBP_USD,1640000267.0,1.26569,1.26577
EUR_USD,1640000268.0,1.10879,1.10887
USD_JPY,1640000268.0,116.36802,116.37602
GBP_USD,1640000268.0,1.26596,1.26604
EUR_USD,1640000269.0,1.10886,1.10894
USD_JPY,1640000269.0,116.36658,116.37458
GBP_USD,1640000269.0,1.26586,1.26594
EUR_USD,1640000270.0,1.10905,1.10913
USD_JPY,1640000270.0,116.38163,116.38963
GBP_USD,1640000270.0,1.26584,1.26592
EUR_USD,1640000271.0,1.10918,1.10926
USD_JPY,1640000271.0,116.39328,116.40128
GBP_USD,1640000271.0,1.26577,1.26585
EUR_USD,1640000272.0,1.109,1.10908
USD_JPY,1640000272.0,116.43264,116.44064
GBP_USD,1640000272.0,1.26532,1.2654
EUR_USD,1640000273.0,1.10907,1.10915
USD_JPY,1640000273.0,116.46213,116.47013
GBP_USD,1640000273.0,1.26534,1.26542
EUR_USD,1640000274.0,1.10878,1.10886
USD_JPY,1640000274.0,116.46809,116.47609
GBP_USD,1640000274.0,1.2653,1.26538
EUR_USD,1640000275.0,1.10874,1.10882
USD_JPY,1640000275.0,116.48466,116.49266
GBP_USD,1640000275.0,1.26557,1.26565
EUR_USD,1640000276.0,1.10895,1.10903
USD_JPY,1640000276.0,116.49101,116.49901
GBP_USD,1640000276.0,1.26548,1.26556
EUR_USD,1640000277.0,1.10934,1.10942
USD_JPY,1640000277.0,116.49101,116.49901
GBP_USD,1640000277.0,1.2654,1.26548
EUR_USD,1640000278.0,1.10927,1.10935
USD_JPY,1640000278.0,116.51949,116.52749
GBP_USD,1640000278.0,1.26523,1.26531
EUR_USD,1640000279.0,1.10948,1.10956
USD_JPY,1640000279.0,116.55966,116.56766
GBP_USD,1640000279.0,1.26528,1.26536
EUR_USD,1640000280.0,1.10987,1.10995
USD_JPY,1640000280.0,116.5788,116.5868
GBP_USD,1640000280.0,1.26532,1.2654
EUR_USD,1640000281.0,1.11017,1.11025
USD_JPY,1640000281.0,116.56245,116.57045
GBP_USD,1640000281.0,1.26532,1.2654
EUR_USD,1640000282.0,1.11053,1.11061
USD_JPY,1640000282.0,116.57414,116.58214
GBP_USD,1640000282.0,1.26549,1.26557
EUR_USD,1640000283.0,1.11083,1.11091
USD_JPY,1640000283.0,116.58382,116.59182
GBP_USD,1640000283.0,1.26547,1.26555
EUR_USD,1640000284.0,1.11088,1.11096
USD_JPY,1640000284.0,116.59599,116.60399
GBP_USD,1640000284.0,1.26539,1.26547
EUR_USD,1640000285.0,1.11084,1.11092
USD_JPY,1640000285.0,116.60812,116.61612
GBP_USD,1640000285.0,1.26538,1.26546
EUR_USD,1640000286.0,1.11104,1.11112
USD_JPY,1640000286.0,116.63473,116.64273
GBP_USD,1640000286.0,1.26523,1.26531
EUR_USD,1640000287.0,1.11091,1.11099
USD_JPY,1640000287.0,116.65242,116.66042
GBP_USD,1640000287.0,1.26515,1.26523
EUR_USD,1640000288.0,1.11114,1.11122
USD_JPY,1640000288.0,116.61841,116.62641
GBP_USD,1640000288.0,1.2652,1.26528
EUR_USD,1640000289.0,1.11143,1.11151
USD_JPY,1640000289.0,116.66852,116.67652
GBP_USD,1640000289.0,1.26539,1.26547
EUR_USD,1640000290.0,1.11189,1.11197
USD_JPY,1640000290.0,116.70442,116.71242
GBP_USD,1640000290.0,1.2653,1.26538
EUR_USD,1640000291.0,1.11248,1.11256
USD_JPY,1640000291.0,116.721,116.729
GBP_USD,1640000291.0,1.26538,1.26546
EUR_USD,1640000292.0,1.11231,1.11239
USD_JPY,1640000292.0,116.70536,116.71336
GBP_USD,1640000292.0,1.26542,1.2655
EUR_USD,1640000293.0,1.11232,1.1124
USD_JPY,1640000293.0,116.74282,116.75082
GBP_USD,1640000293.0,1.26554,1.26562
EUR_USD,1640000294.0,1.11246,1.11254
USD_JPY,1640000294.0,116.78619,116.79419
GBP_USD,1640000294.0,1.26556,1.26564
EUR_USD,1640000295.0,1.11224,1.11232
USD_JPY,1640000295.0,116.83474,116.84274
GBP_USD,1640000295.0,1.26551,1.26559
EUR_USD,1640000296.0,1.11252,1.1126
USD_JPY,1640000296.0,116.85403,116.86203
GBP_USD,1640000296.0,1.26535,1.26543
EUR_USD,1640000297.0,1.11236,1.11244
USD_JPY,1640000297.0,116.86667,116.87467
GBP_USD,1640000297.0,1.26526,1.26534
EUR_USD,1640000298.0,1.11271,1.11279
USD_JPY,1640000298.0,116.87359,116.88159
GBP_USD,1640000298.0,1.26522,1.2653
EUR_USD,1640000299.0,1.11281,1.11289
USD_JPY,1640000299.0,116.86652,116.87452
GBP_USD,1640000299.0,1.26497,1.26505
EUR_USD,1640000300.0,1.11279,1.11287
USD_JPY,1640000300.0,116.8788,116.8868
GBP_USD,1640000300.0,1.26484,1.26492
EUR_USD,1640000301.0,1.11278,1.11286
USD_JPY,1640000301.0,116.92443,116.93243
GBP_USD,1640000301.0,1.26473,1.26481
EUR_USD,1640000302.0,1.11261,1.11269
USD_JPY,1640000302.0,116.94795,116.95595
GBP_USD,1640000302.0,1.26479,1.26487
EUR_USD,1640000303.0,1.11265,1.11273
USD_JPY,1640000303.0,116.97044,116.97844
GBP_USD,1640000303.0,1.26465,1.26473
EUR_USD,1640000304.0,1.11297,1.11305
USD_JPY,1640000304.0,117.01212,117.02012
GBP_USD,1640000304.0,1.26463,1.26471
EUR_USD,1640000305.0,1.11308,1.11316
USD_JPY,1640000305.0,117.02356,117.03156
GBP_USD,1640000305.0,1.2647,1.26478
EUR_USD,1640000306.0,1.11352,1.1136
USD_JPY,1640000306.0,117.06047,117.06847
GBP_USD,1640000306.0,1.26463,1.26471
EUR_USD,1640000307.0,1.11351,1.11359
USD_JPY,1640000307.0,117.06421,117.07221
GBP_USD,1640000307.0,1.26476,1.26484
EUR_USD,1640000308.0,1.11342,1.1135
USD_JPY,1640000308.0,117.09165,117.09965
GBP_USD,1640000308.0,1.26479,1.26487
EUR_USD,1640000309.0,1.11358,1.11366
USD_JPY,1640000309.0,117.11733,117.12533
GBP_USD,1640000309.0,1.26483,1.26491
EUR_USD,1640000310.0,1.1138,1.11388
USD_JPY,1640000310.0,117.11445,117.12245
GBP_USD,1640000310.0,1.26493,1.26501
EUR_USD,1640000311.0,1.11384,1.11392
USD_JPY,1640000311.0,117.10137,117.10937
GBP_USD,1640000311.0,1.26498,1.26506
EUR_USD,1640000312.0,1.11425,1.11433
USD_JPY,1640000312.0,117.13568,117.14368
GBP_USD,1640000312.0,1.26512,1.2652
EUR_USD,1640000313.0,1.11428,1.11436
USD_JPY,1640000313.0,117.16573,117.17373
GBP_USD,1640000313.0,1.2653,1.26538
EUR_USD,1640000314.0,1.11445,1.11453
USD_JPY,1640000314.0,117.21841,117.22641
GBP_USD,1640000314.0,1.26515,1.26523
EUR_USD,1640000315.0,1.11443,1.11451
USD_JPY,1640000315.0,117.26695,117.27495
GBP_USD,1640000315.0,1.26513,1.26521
EUR_USD,1640000316.0,1.11441,1.11449
USD_JPY,1640000316.0,117.27246,117.28046
GBP_USD,1640000316.0,1.26497,1.26505
EUR_USD,1640000317.0,1.11428,1.11436
USD_JPY,1640000317.0,117.26411,117.27211
GBP_USD,1640000317.0,1.26476,1.26484
EUR_USD,1640000318.0,1.11429,1.11437
USD_JPY,1640000318.0,117.2405,117.2485
GBP_USD,1640000318.0,1.26444,1.26452
EUR_USD,1640000319.0,1.11406,1.11414
USD_JPY,1640000319.0,117.24055,117.24855
GBP_USD,1640000319.0,1.26438,1.26446
EUR_USD,1640000320.0,1.11429,1.11437
USD_JPY,1640000320.0,117.25491,117.26291
GBP_USD,1640000320.0,1.26441,1.26449
EUR_USD,1640000321.0,1.11462,1.1147
USD_JPY,1640000321.0,117.26366,117.27166
GBP_USD,1640000321.0,1.26439,1.26447
EUR_USD,1640000322.0,1.11483,1.11491
USD_JPY,1640000322.0,117.31435,117.32235
GBP_USD,1640000322.0,1.26461,1.26469
EUR_USD,1640000323.0,1.11492,1.115
USD_JPY,1640000323.0,117.31955,117.32755
GBP_USD,1640000323.0,1.2645,1.26458
EUR_USD,1640000324.0,1.11478,1.11486
USD_JPY,1640000324.0,117.37591,117.38391
GBP_USD,1640000324.0,1.26455,1.26463
EUR_USD,1640000325.0,1.11477,1.11485
USD_JPY,1640000325.0,117.41528,117.42328
GBP_USD,1640000325.0,1.26453,1.26461
EUR_USD,1640000326.0,1.11452,1.1146
USD_JPY,1640000326.0,117.43667,117.44467
GBP_USD,1640000326.0,1.2644,1.26448
EUR_USD,1640000327.0,1.11463,1.11471
USD_JPY,1640000327.0,117.47213,117.48013
GBP_USD,1640000327.0,1.26448,1.26456
EUR_USD,1640000328.0,1.11488,1.11496
USD_JPY,1640000328.0,117.47796,117.48596
GBP_USD,1640000328.0,1.26441,1.26449
EUR_USD,1640000329.0,1.11485,1.11493
USD_JPY,1640000329.0,117.51923,117.52723
GBP_USD,1640000329.0,1.26447,1.26455
EUR_USD,1640000330.0,1.11466,1.11474
USD_JPY,1640000330.0,117.53776,117.54576
GBP_USD,1640000330.0,1.26452,1.2646
EUR_USD,1640000331.0,1.11501,1.11509
USD_JPY,1640000331.0,117.54585,117.55385
GBP_USD,1640000331.0,1.26459,1.26467
EUR_USD,1640000332.0,1.11512,1.1152
USD_JPY,1640000332.0,117.57699,117.58499
GBP_USD,1640000332.0,1.26443,1.26451
EUR_USD,1640000333.0,1.11475,1.11483
USD_JPY,1640000333.0,117.59832,117.60632
GBP_USD,1640000333.0,1.26438,1.26446
EUR_USD,1640000334.0,1.11467,1.11475
USD_JPY,1640000334.0,117.62053,117.62853
GBP_USD,1640000334.0,1.2643,1.26438
EUR_USD,1640000335.0,1.11486,1.11494
USD_JPY,1640000335.0,117.69397,117.70197
GBP_USD,1640000335.0,1.26401,1.26409
EUR_USD,1640000336.0,1.11496,1.11504
USD_JPY,1640000336.0,117.68738,117.69538
GBP_USD,1640000336.0,1.26404,1.26412
EUR_USD,1640000337.0,1.11527,1.11535
USD_JPY,1640000337.0,117.71896,117.72696
GBP_USD,1640000337.0,1.26401,1.26409
EUR_USD,1640000338.0,1.11518,1.11526
USD_JPY,1640000338.0,117.7297,117.7377
GBP_USD,1640000338.0,1.26408,1.26416
EUR_USD,1640000339.0,1.115,1.11508
USD_JPY,1640000339.0,117.75086,117.75886
GBP_USD,1640000339.0,1.26405,1.26413
EUR_USD,1640000340.0,1.11509,1.11517
USD_JPY,1640000340.0,117.75063,117.75863
GBP_USD,1640000340.0,1.26397,1.26405
EUR_USD,1640000341.0,1.11518,1.11526
USD_JPY,1640000341.0,117.80101,117.80901
GBP_USD,1640000341.0,1.26402,1.2641
EUR_USD,1640000342.0,1.1155,1.11558
USD_JPY,1640000342.0,117.84003,117.84803
GBP_USD,1640000342.0,1.26404,1.26412
EUR_USD,1640000343.0,1.11564,1.11572
USD_JPY,1640000343.0,117.87982,117.88782
GBP_USD,1640000343.0,1.26397,1.26405
EUR_USD,1640000344.0,1.11577,1.11585
USD_JPY,1640000344.0,117.91245,117.92045
GBP_USD,1640000344.0,1.26427,1.26435
EUR_USD,1640000345.0,1.11563,1.11571
USD_JPY,1640000345.0,117.94933,117.95733
GBP_USD,1640000345.0,1.26431,1.26439
EUR_USD,1640000346.0,1.11527,1.11535
USD_JPY,1640000346.0,117.99482,118.00282
GBP_USD,1640000346.0,1.26434,1.26442
EUR_USD,1640000347.0,1.11538,1.11546
USD_JPY,1640000347.0,118.03376,118.04176
GBP_USD,1640000347.0,1.2644,1.26448
EUR_USD,1640000348.0,1.11546,1.11554
USD_JPY,1640000348.0,118.05318,118.06118
GBP_USD,1640000348.0,1.26455,1.26463
EUR_USD,1640000349.0,1.11557,1.11565
USD_JPY,1640000349.0,118.09213,118.10013
GBP_USD,1640000349.0,1.2644,1.26448
EUR_USD,1640000350.0,1.11606,1.11614
USD_JPY,1640000350.0,118.12856,118.13656
GBP_USD,1640000350.0,1.26438,1.26446
EUR_USD,1640000351.0,1.11598,1.11606
USD_JPY,1640000351.0,118.11943,118.12743
GBP_USD,1640000351.0,1.26433,1.26441
EUR_USD,1640000352.0,1.11625,1.11633
USD_JPY,1640000352.0,118.11519,118.12319
GBP_USD,1640000352.0,1.26418,1.26426
EUR_USD,1640000353.0,1.11651,1.11659
USD_JPY,1640000353.0,118.1384,118.1464
GBP_USD,1640000353.0,1.26402,1.2641
EUR_USD,1640000354.0,1.11643,1.11651
USD_JPY,1640000354.0,118.14346,118.15146
GBP_USD,1640000354.0,1.26396,1.26404
EUR_USD,1640000355.0,1.11662,1.1167
USD_JPY,1640000355.0,118.18221,118.19021
GBP_USD,1640000355.0,1.26396,1.26404
EUR_USD,1640000356.0,1.1166,1.11668
USD_JPY,1640000356.0,118.22452,118.23252
GBP_USD,1640000356.0,1.26396,1.26404
EUR_USD,1640000357.0,1.11682,1.1169
USD_JPY,1640000357.0,118.21935,118.22735
GBP_USD,1640000357.0,1.26396,1.26404
EUR_USD,1640000358.0,1.11672,1.1168
USD_JPY,1640000358.0,118.21291,118.22091
GBP_USD,1640000358.0,1.26402,1.2641
EUR_USD,1640000359.0,1.11699,1.11707
USD_JPY,1640000359.0,118.23234,118.24034
GBP_USD,1640000359.0,1.2641,1.26418
EUR_USD,1640000360.0,1.11685,1.11693
USD_JPY,1640000360.0,118.26592,118.27392
GBP_USD,1640000360.0,1.26406,1.26414
EUR_USD,1640000361.0,1.11684,1.11692
USD_JPY,1640000361.0,118.28156,118.28956
GBP_USD,1640000361.0,1.26396,1.26404
EUR_USD,1640000362.0,1.11692,1.117
USD_JPY,1640000362.0,118.30851,118.31651
GBP_USD,1640000362.0,1.26415,1.26423
EUR_USD,1640000363.0,1.11674,1.11682
USD_JPY,1640000363.0,118.37463,118.38263
GBP_USD,1640000363.0,1.26409,1.26417
EUR_USD,1640000364.0,1.11663,1.11671
USD_JPY,1640000364.0,118.34333,118.35133
GBP_USD,1640000364.0,1.26421,1.26429
EUR_USD,1640000365.0,1.11676,1.11684
USD_JPY,1640000365.0,118.3668,118.3748
GBP_USD,1640000365.0,1.26418,1.26426
EUR_USD,1640000366.0,1.11681,1.11689
USD_JPY,1640000366.0,118.40594,118.41394
GBP_USD,1640000366.0,1.26425,1.26433
EUR_USD,1640000367.0,1.11697,1.11705
USD_JPY,1640000367.0,118.42514,118.43314
GBP_USD,1640000367.0,1.26405,1.26413
EUR_USD,1640000368.0,1.11702,1.1171
USD_JPY,1640000368.0,118.44021,118.44821
GBP_USD,1640000368.0,1.26396,1.26404
EUR_USD,1640000369.0,1.11724,1.11732
USD_JPY,1640000369.0,118.46048,118.46848
GBP_USD,1640000369.0,1.26401,1.26409
EUR_USD,1640000370.0,1.11709,1.11717
USD_JPY,1640000370.0,118.49818,118.50618
GBP_USD,1640000370.0,1.26412,1.2642
EUR_USD,1640000371.0,1.11715,1.11723
USD_JPY,1640000371.0,118.51951,118.52751
GBP_USD,1640000371.0,1.26409,1.26417
EUR_USD,1640000372.0,1.11715,1.11723
USD_JPY,1640000372.0,118.54727,118.55527
GBP_USD,1640000372.0,1.26404,1.26412
EUR_USD,1640000373.0,1.11661,1.11669
USD_JPY,1640000373.0,118.60233,118.61033
GBP_USD,1640000373.0,1.26396,1.26404
EUR_USD,1640000374.0,1.11691,1.11699
USD_JPY,1640000374.0,118.64843,118.65643
GBP_USD,1640000374.0,1.26398,1.26406
EUR_USD,1640000375.0,1.11675,1.11683
USD_JPY,1640000375.0,118.6728,118.6808
GBP_USD,1640000375.0,1.26407,1.26415
EUR_USD,1640000376.0,1.11645,1.11653
USD_JPY,1640000376.0,118.70822,118.71622
GBP_USD,1640000376.0,1.26405,1.26413
EUR_USD,1640000377.0,1.11642,1.1165
USD_JPY,1640000377.0,118.70032,118.70832
GBP_USD,1640000377.0,1.26418,1.26426
EUR_USD,1640000378.0,1.11672,1.1168
USD_JPY,1640000378.0,118.74248,118.75048
GBP_USD,1640000378.0,1.26437,1.26445
EUR_USD,1640000379.0,1.11707,1.11715
USD_JPY,1640000379.0,118.74764,118.75564
GBP_USD,1640000379.0,1.26445,1.26453
EUR_USD,1640000380.0,1.11697,1.11705
USD_JPY,1640000380.0,118.7238,118.7318
GBP_USD,1640000380.0,1.2643,1.26438
EUR_USD,1640000381.0,1.11697,1.11705
USD_JPY,1640000381.0,118.74414,118.75214
GBP_USD,1640000381.0,1.26418,1.26426
EUR_USD,1640000382.0,1.11763,1.11771
USD_JPY,1640000382.0,118.75677,118.76477
GBP_USD,1640000382.0,1.26436,1.26444
EUR_USD,1640000383.0,1.11738,1.11746
USD_JPY,1640000383.0,118.76312,118.77112
GBP_USD,1640000383.0,1.26421,1.26429
EUR_USD,1640000384.0,1.11798,1.11806
USD_JPY,1640000384.0,118.76733,118.77533
GBP_USD,1640000384.0,1.26427,1.26435
EUR_USD,1640000385.0,1.11799,1.11807
USD_JPY,1640000385.0,118.821,118.829
GBP_USD,1640000385.0,1.26434,1.26442
EUR_USD,1640000386.0,1.11793,1.11801
USD_JPY,1640000386.0,118.83631,118.84431
GBP_USD,1640000386.0,1.26427,1.26435
EUR_USD,1640000387.0,1.11768,1.11776
USD_JPY,1640000387.0,118.80775,118.81575
GBP_USD,1640000387.0,1.26415,1.26423
EUR_USD,1640000388.0,1.11792,1.118
USD_JPY,1640000388.0,118.83745,118.84545
GBP_USD,1640000388.0,1.26414,1.26422
EUR_USD,1640000389.0,1.1176,1.11768
USD_JPY,1640000389.0,118.8758,118.8838
GBP_USD,1640000389.0,1.26408,1.26416
EUR_USD,1640000390.0,1.11808,1.11816
USD_JPY,1640000390.0,118.90984,118.91784
GBP_USD,1640000390.0,1.26426,1.26434
EUR_USD,1640000391.0,1.11838,1.11846
USD_JPY,1640000391.0,118.95072,118.95872
GBP_USD,1640000391.0,1.26409,1.26417
EUR_USD,1640000392.0,1.11808,1.11816
USD_JPY,1640000392.0,118.96127,118.96927
GBP_USD,1640000392.0,1.264,1.26408
EUR_USD,1640000393.0,1.11819,1.11827
USD_JPY,1640000393.0,118.95699,118.96499
GBP_USD,1640000393.0,1.26411,1.26419
EUR_USD,1640000394.0,1.11811,1.11819
USD_JPY,1640000394.0,118.96934,118.97734
GBP_USD,1640000394.0,1.2642,1.26428
EUR_USD,1640000395.0,1.11835,1.11843
USD_JPY,1640000395.0,118.99481,119.00281
GBP_USD,1640000395.0,1.26444,1.26452
EUR_USD,1640000396.0,1.11873,1.11881
USD_JPY,1640000396.0,119.00822,119.01622
GBP_USD,1640000396.0,1.2642,1.26428
EUR_USD,1640000397.0,1.11914,1.11922
USD_JPY,1640000397.0,119.02398,119.03198
GBP_USD,1640000397.0,1.26436,1.26444
EUR_USD,1640000398.0,1.11895,1.11903
USD_JPY,1640000398.0,119.06858,119.07658
GBP_USD,1640000398.0,1.26431,1.26439
EUR_USD,1640000399.0,1.11916,1.11924
USD_JPY,1640000399.0,119.10669,119.11469
GBP_USD,1640000399.0,1.2643,1.26438
EUR_USD,1640000400.0,1.11932,1.1194
USD_JPY,1640000400.0,119.15907,119.16707
GBP_USD,1640000400.0,1.2644,1.26448
EUR_USD,1640000401.0,1.11918,1.11926
USD_JPY,1640000401.0,119.17954,119.18754
GBP_USD,1640000401.0,1.26455,1.26463
EUR_USD,1640000402.0,1.11971,1.11979
USD_JPY,1640000402.0,119.22206,119.23006
GBP_USD,1640000402.0,1.26456,1.26464
EUR_USD,1640000403.0,1.11956,1.11964
USD_JPY,1640000403.0,119.2144,119.2224
GBP_USD,1640000403.0,1.26465,1.26473
EUR_USD,1640000404.0,1.11991,1.11999
USD_JPY,1640000404.0,119.23619,119.24419
GBP_USD,1640000404.0,1.26454,1.26462
EUR_USD,1640000405.0,1.11988,1.11996
USD_JPY,1640000405.0,119.27611,119.28411
GBP_USD,1640000405.0,1.26436,1.26444
EUR_USD,1640000406.0,1.12004,1.12012
USD_JPY,1640000406.0,119.31212,119.32012
GBP_USD,1640000406.0,1.26451,1.26459
EUR_USD,1640000407.0,1.12023,1.12031
USD_JPY,1640000407.0,119.29487,119.30287
GBP_USD,1640000407.0,1.26467,1.26475
EUR_USD,1640000408.0,1.12062,1.1207
USD_JPY,1640000408.0,119.33533,119.34333
GBP_USD,1640000408.0,1.26456,1.26464
EUR_USD,1640000409.0,1.1205,1.12058
USD_JPY,1640000409.0,119.39545,119.40345
GBP_USD,1640000409.0,1.26456,1.26464
EUR_USD,1640000410.0,1.12085,1.12093
USD_JPY,1640000410.0,119.40657,119.41457
GBP_USD,1640000410.0,1.26475,1.26483
EUR_USD,1640000411.0,1.12109,1.12117
USD_JPY,1640000411.0,119.44788,119.45588
GBP_USD,1640000411.0,1.26476,1.26484
EUR_USD,1640000412.0,1.12089,1.12097
USD_JPY,1640000412.0,119.4367,119.4447
GBP_USD,1640000412.0,1.26484,1.26492
EUR_USD,1640000413.0,1.12049,1.12057
USD_JPY,1640000413.0,119.43994,119.44794
GBP_USD,1640000413.0,1.26482,1.2649
EUR_USD,1640000414.0,1.12055,1.12063
USD_JPY,1640000414.0,119.43644,119.44444
GBP_USD,1640000414.0,1.2649,1.26498
EUR_USD,1640000415.0,1.12041,1.12049
USD_JPY,1640000415.0,119.48191,119.48991
GBP_USD,1640000415.0,1.26475,1.26483
EUR_USD,1640000416.0,1.12046,1.12054
USD_JPY,1640000416.0,119.51175,119.51975
GBP_USD,1640000416.0,1.26493,1.26501
EUR_USD,1640000417.0,1.12034,1.12042
USD_JPY,1640000417.0,119.54997,119.55797
GBP_USD,1640000417.0,1.26518,1.26526
EUR_USD,1640000418.0,1.12044,1.12052
USD_JPY,1640000418.0,119.57958,119.58758
GBP_USD,1640000418.0,1.26515,1.26523
EUR_USD,1640000419.0,1.12068,1.12076
USD_JPY,1640000419.0,119.57838,119.58638
GBP_USD,1640000419.0,1.26522,1.2653
EUR_USD,1640000420.0,1.12064,1.12072
USD_JPY,1640000420.0,119.59453,119.60253
GBP_USD,1640000420.0,1.26529,1.26537
EUR_USD,1640000421.0,1.12086,1.12094
USD_JPY,1640000421.0,119.6407,119.6487
GBP_USD,1640000421.0,1.26557,1.26565
EUR_USD,1640000422.0,1.12071,1.12079
USD_JPY,1640000422.0,119.70908,119.71708
GBP_USD,1640000422.0,1.26537,1.26545
EUR_USD,1640000423.0,1.12092,1.121
USD_JPY,1640000423.0,119.70705,119.71505
GBP_USD,1640000423.0,1.26555,1.26563
EUR_USD,1640000424.0,1.12145,1.12153
USD_JPY,1640000424.0,119.72073,119.72873
GBP_USD,1640000424.0,1.26554,1.26562
EUR_USD,1640000425.0,1.12204,1.12212
USD_JPY,1640000425.0,119.75059,119.75859
GBP_USD,1640000425.0,1.26554,1.26562
EUR_USD,1640000426.0,1.12206,1.12214
USD_JPY,1640000426.0,119.77273,119.78073
GBP_USD,1640000426.0,1.26565,1.26573
EUR_USD,1640000427.0,1.12157,1.12165
USD_JPY,1640000427.0,119.80548,119.81348
GBP_USD,1640000427.0,1.2656,1.26568
EUR_USD,1640000428.0,1.12174,1.12182
USD_JPY,1640000428.0,119.83104,119.83904
GBP_USD,1640000428.0,1.26569,1.26577
EUR_USD,1640000429.0,1.1217,1.12178
USD_JPY,1640000429.0,119.83254,119.84054
GBP_USD,1640000429.0,1.26563,1.26571
EUR_USD,1640000430.0,1.12169,1.12177
USD_JPY,1640000430.0,119.85269,119.86069
GBP_USD,1640000430.0,1.26566,1.26574
EUR_USD,1640000431.0,1.1218,1.12188
USD_JPY,1640000431.0,119.85464,119.86264
GBP_USD,1640000431.0,1.26573,1.26581
EUR_USD,1640000432.0,1.12203,1.12211
USD_JPY,1640000432.0,119.90847,119.91647
GBP_USD,1640000432.0,1.2658,1.26588
EUR_USD,1640000433.0,1.12233,1.12241
USD_JPY,1640000433.0,119.93649,119.94449
GBP_USD,1640000433.0,1.26574,1.26582
EUR_USD,1640000434.0,1.12273,1.12281
USD_JPY,1640000434.0,119.98275,119.99075
GBP_USD,1640000434.0,1.26572,1.2658
EUR_USD,1640000435.0,1.12265,1.12273
USD_JPY,1640000435.0,119.97371,119.98171
GBP_USD,1640000435.0,1.26548,1.26556
EUR_USD,1640000436.0,1.12269,1.12277
USD_JPY,1640000436.0,120.03289,120.04089
GBP_USD,1640000436.0,1.26547,1.26555
EUR_USD,1640000437.0,1.12247,1.12255
USD_JPY,1640000437.0,120.04419,120.05219
GBP_USD,1640000437.0,1.26537,1.26545
EUR_USD,1640000438.0,1.12284,1.12292
USD_JPY,1640000438.0,120.09002,120.09802
GBP_USD,1640000438.0,1.26542,1.2655
EUR_USD,1640000439.0,1.12289,1.12297
USD_JPY,1640000439.0,120.14261,120.15061
GBP_USD,1640000439.0,1.26542,1.2655
EUR_USD,1640000440.0,1.12265,1.12273
USD_JPY,1640000440.0,120.12954,120.13754
GBP_USD,1640000440.0,1.26532,1.2654
EUR_USD,1640000441.0,1.12288,1.12296
USD_JPY,1640000441.0,120.10926,120.11726
GBP_USD,1640000441.0,1.26537,1.26545
EUR_USD,1640000442.0,1.12318,1.12326
USD_JPY,1640000442.0,120.13189,120.13989
GBP_USD,1640000442.0,1.26561,1.26569
EUR_USD,1640000443.0,1.1234,1.12348
USD_JPY,1640000443.0,120.12776,120.13576
GBP_USD,1640000443.0,1.26582,1.2659
EUR_USD,1640000444.0,1.12352,1.1236
USD_JPY,1640000444.0,120.14534,120.15334
GBP_USD,1640000444.0,1.2659,1.26598
EUR_USD,1640000445.0,1.12333,1.12341
USD_JPY,1640000445.0,120.14102,120.14902
GBP_USD,1640000445.0,1.26596,1.26604
EUR_USD,1640000446.0,1.12347,1.12355
USD_JPY,1640000446.0,120.16366,120.17166
GBP_USD,1640000446.0,1.26596,1.26604
EUR_USD,1640000447.0,1.12339,1.12347
USD_JPY,1640000447.0,120.20837,120.21637
GBP_USD,1640000447.0,1.26596,1.26604
EUR_USD,1640000448.0,1.12327,1.12335
USD_JPY,1640000448.0,120.22186,120.22986
GBP_USD,1640000448.0,1.26596,1.26604
EUR_USD,1640000449.0,1.12353,1.12361
USD_JPY,1640000449.0,120.22902,120.23702
GBP_USD,1640000449.0,1.26596,1.26604
EUR_USD,1640000450.0,1.1236,1.12368
USD_JPY,1640000450.0,120.27206,120.28006
GBP_USD,1640000450.0,1.26596,1.26604
EUR_USD,1640000451.0,1.12381,1.12389
USD_JPY,1640000451.0,120.30222,120.31022
GBP_USD,1640000451.0,1.26596,1.26604
EUR_USD,1640000452.0,1.12374,1.12382
USD_JPY,1640000452.0,120.33427,120.34227
GBP_USD,1640000452.0,1.26588,1.26596
EUR_USD,1640000453.0,1.12375,1.12383
USD_JPY,1640000453.0,120.35545,120.36345
GBP_USD,1640000453.0,1.26596,1.26604
EUR_USD,1640000454.0,1.12358,1.12366
USD_JPY,1640000454.0,120.34952,120.35752
GBP_USD,1640000454.0,1.26593,1.26601
EUR_USD,1640000455.0,1.12391,1.12399
USD_JPY,1640000455.0,120.41012,120.41812
GBP_USD,1640000455.0,1.26596,1.26604
EUR_USD,1640000456.0,1.12416,1.12424
USD_JPY,1640000456.0,120.44394,120.45194
GBP_USD,1640000456.0,1.26579,1.26587
EUR_USD,1640000457.0,1.1241,1.12418
USD_JPY,1640000457.0,120.43852,120.44652
GBP_USD,1640000457.0,1.26595,1.26603
EUR_USD,1640000458.0,1.12436,1.12444
USD_JPY,1640000458.0,120.4705,120.4785
GBP_USD,1640000458.0,1.26595,1.26603
EUR_USD,1640000459.0,1.1245,1.12458
USD_JPY,1640000459.0,120.49557,120.50357
GBP_USD,1640000459.0,1.26596,1.26604
EUR_USD,1640000460.0,1.12424,1.12432
USD_JPY,1640000460.0,120.50978,120.51778
GBP_USD,1640000460.0,1.26596,1.26604
EUR_USD,1640000461.0,1.1243,1.12438
USD_JPY,1640000461.0,120.52103,120.52903
GBP_USD,1640000461.0,1.2658,1.26588
EUR_USD,1640000462.0,1.12428,1.12436
USD_JPY,1640000462.0,120.57037,120.57837
GBP_USD,1640000462.0,1.26574,1.26582
EUR_USD,1640000463.0,1.12455,1.12463
USD_JPY,1640000463.0,120.54,120.548
GBP_USD,1640000463.0,1.26585,1.26593
EUR_USD,1640000464.0,1.12461,1.12469
USD_JPY,1640000464.0,120.54381,120.55181
GBP_USD,1640000464.0,1.26589,1.26597
EUR_USD,1640000465.0,1.12489,1.12497
USD_JPY,1640000465.0,120.53325,120.54125
GBP_USD,1640000465.0,1.26589,1.26597
EUR_USD,1640000466.0,1.1248,1.12488
USD_JPY,1640000466.0,120.59591,120.60391
GBP_USD,1640000466.0,1.26591,1.26599
EUR_USD,1640000467.0,1.12482,1.1249
USD_JPY,1640000467.0,120.60428,120.61228
GBP_USD,1640000467.0,1.26583,1.26591
EUR_USD,1640000468.0,1.12492,1.125
USD_JPY,1640000468.0,120.5996,120.6076
GBP_USD,1640000468.0,1.26585,1.26593
EUR_USD,1640000469.0,1.12465,1.12473
USD_JPY,1640000469.0,120.64284,120.65084
GBP_USD,1640000469.0,1.26596,1.26604
EUR_USD,1640000470.0,1.12478,1.12486
USD_JPY,1640000470.0,120.64922,120.65722
GBP_USD,1640000470.0,1.26596,1.26604
EUR_USD,1640000471.0,1.12507,1.12515
USD_JPY,1640000471.0,120.62877,120.63677
GBP_USD,1640000471.0,1.26595,1.26603
EUR_USD,1640000472.0,1.12547,1.12555
USD_JPY,1640000472.0,120.65189,120.65989
GBP_USD,1640000472.0,1.26593,1.26601
EUR_USD,1640000473.0,1.12526,1.12534
USD_JPY,1640000473.0,120.64234,120.65034
GBP_USD,1640000473.0,1.26582,1.2659
EUR_USD,1640000474.0,1.12525,1.12533
USD_JPY,1640000474.0,120.65457,120.66257
GBP_USD,1640000474.0,1.26588,1.26596
EUR_USD,1640000475.0,1.12486,1.12494
USD_JPY,1640000475.0,120.71751,120.72551
GBP_USD,1640000475.0,1.26593,1.26601
EUR_USD,1640000476.0,1.12488,1.12496
USD_JPY,1640000476.0,120.75754,120.76554
GBP_USD,1640000476.0,1.26596,1.26604
EUR_USD,1640000477.0,1.12484,1.12492
USD_JPY,1640000477.0,120.78217,120.79017
GBP_USD,1640000477.0,1.26592,1.266
EUR_USD,1640000478.0,1.1244,1.12448
USD_JPY,1640000478.0,120.77839,120.78639
GBP_USD,1640000478.0,1.26596,1.26604
EUR_USD,1640000479.0,1.12458,1.12466
USD_JPY,1640000479.0,120.84385,120.85185
GBP_USD,1640000479.0,1.26587,1.26595
EUR_USD,1640000480.0,1.12475,1.12483
USD_JPY,1640000480.0,120.8164,120.8244
GBP_USD,1640000480.0,1.26596,1.26604
EUR_USD,1640000481.0,1.12501,1.12509
USD_JPY,1640000481.0,120.81395,120.82195
GBP_USD,1640000481.0,1.26592,1.266
EUR_USD,1640000482.0,1.12502,1.1251
USD_JPY,1640000482.0,120.82247,120.83047
GBP_USD,1640000482.0,1.2658,1.26588
EUR_USD,1640000483.0,1.12568,1.12576
USD_JPY,1640000483.0,120.82309,120.83109
GBP_USD,1640000483.0,1.26561,1.26569
EUR_USD,1640000484.0,1.12601,1.12609
USD_JPY,1640000484.0,120.8191,120.8271
GBP_USD,1640000484.0,1.2654,1.26548
EUR_USD,1640000485.0,1.12632,1.1264
USD_JPY,1640000485.0,120.83836,120.84636
GBP_USD,1640000485.0,1.26553,1.26561
EUR_USD,1640000486.0,1.12625,1.12633
USD_JPY,1640000486.0,120.87057,120.87857
GBP_USD,1640000486.0,1.26541,1.26549
EUR_USD,1640000487.0,1.1263,1.12638
USD_JPY,1640000487.0,120.88462,120.89262
GBP_USD,1640000487.0,1.26537,1.26545
EUR_USD,1640000488.0,1.12646,1.12654
USD_JPY,1640000488.0,120.92376,120.93176
GBP_USD,1640000488.0,1.26537,1.26545
EUR_USD,1640000489.0,1.12694,1.12702
USD_JPY,1640000489.0,120.95275,120.96075
GBP_USD,1640000489.0,1.26512,1.2652
EUR_USD,1640000490.0,1.127,1.12708
USD_JPY,1640000490.0,120.99552,121.00352
GBP_USD,1640000490.0,1.26506,1.26514
EUR_USD,1640000491.0,1.12707,1.12715
USD_JPY,1640000491.0,121.0682,121.0762
GBP_USD,1640000491.0,1.26479,1.26487
EUR_USD,1640000492.0,1.12637,1.12645
USD_JPY,1640000492.0,121.08157,121.08957
GBP_USD,1640000492.0,1.26475,1.26483
EUR_USD,1640000493.0,1.12692,1.127
USD_JPY,1640000493.0,121.12075,121.12875
GBP_USD,1640000493.0,1.26482,1.2649
EUR_USD,1640000494.0,1.12738,1.12746
USD_JPY,1640000494.0,121.16299,121.17099
GBP_USD,1640000494.0,1.26469,1.26477
EUR_USD,1640000495.0,1.12757,1.12765
USD_JPY,1640000495.0,121.19674,121.20474
GBP_USD,1640000495.0,1.26469,1.26477
EUR_USD,1640000496.0,1.12742,1.1275
USD_JPY,1640000496.0,121.25936,121.26736
GBP_USD,1640000496.0,1.26477,1.26485
EUR_USD,1640000497.0,1.12726,1.12734
USD_JPY,1640000497.0,121.25497,121.26297
GBP_USD,1640000497.0,1.26493,1.26501
EUR_USD,1640000498.0,1.12737,1.12745
USD_JPY,1640000498.0,121.22412,121.23212
GBP_USD,1640000498.0,1.265,1.26508
EUR_USD,1640000499.0,1.12688,1.12696
USD_JPY,1640000499.0,121.22901,121.23701
GBP_USD,1640000499.0,1.2648,1.26488
EUR_USD,1640000500.0,1.12687,1.12695
USD_JPY,1640000500.0,121.22013,121.22813
GBP_USD,1640000500.0,1.26481,1.26489
EUR_USD,1640000501.0,1.12688,1.12696
USD_JPY,1640000501.0,121.22127,121.22927
GBP_USD,1640000501.0,1.26468,1.26476
EUR_USD,1640000502.0,1.12708,1.12716
USD_JPY,1640000502.0,121.27698,121.28498
GBP_USD,1640000502.0,1.26474,1.26482
EUR_USD,1640000503.0,1.12681,1.12689
USD_JPY,1640000503.0,121.32107,121.32907
GBP_USD,1640000503.0,1.26489,1.26497
EUR_USD,1640000504.0,1.12656,1.12664
USD_JPY,1640000504.0,121.36628,121.37428
GBP_USD,1640000504.0,1.26486,1.26494
EUR_USD,1640000505.0,1.12675,1.12683
USD_JPY,1640000505.0,121.3875,121.3955
GBP_USD,1640000505.0,1.26479,1.26487
EUR_USD,1640000506.0,1.12636,1.12644
USD_JPY,1640000506.0,121.40597,121.41397
GBP_USD,1640000506.0,1.26494,1.26502
EUR_USD,1640000507.0,1.12642,1.1265
USD_JPY,1640000507.0,121.44557,121.45357
GBP_USD,1640000507.0,1.26501,1.26509
EUR_USD,1640000508.0,1.12657,1.12665
USD_JPY,1640000508.0,121.4645,121.4725
GBP_USD,1640000508.0,1.26476,1.26484
EUR_USD,1640000509.0,1.1268,1.12688
USD_JPY,1640000509.0,121.4876,121.4956
GBP_USD,1640000509.0,1.26457,1.26465
EUR_USD,1640000510.0,1.12705,1.12713
USD_JPY,1640000510.0,121.51705,121.52505
GBP_USD,1640000510.0,1.26462,1.2647
EUR_USD,1640000511.0,1.1273,1.12738
USD_JPY,1640000511.0,121.56211,121.57011
GBP_USD,1640000511.0,1.26451,1.26459
EUR_USD,1640000512.0,1.12754,1.12762
USD_JPY,1640000512.0,121.55419,121.56219
GBP_USD,1640000512.0,1.26457,1.26465
EUR_USD,1640000513.0,1.12736,1.12744
USD_JPY,1640000513.0,121.58322,121.59122
GBP_USD,1640000513.0,1.2645,1.26458
EUR_USD,1640000514.0,1.12767,1.12775
USD_JPY,1640000514.0,121.5691,121.5771
GBP_USD,1640000514.0,1.26475,1.26483
EUR_USD,1640000515.0,1.12733,1.12741
USD_JPY,1640000515.0,121.59149,121.59949
GBP_USD,1640000515.0,1.26456,1.26464
EUR_USD,1640000516.0,1.12757,1.12765
USD_JPY,1640000516.0,121.5838,121.5918
GBP_USD,1640000516.0,1.26457,1.26465
EUR_USD,1640000517.0,1.12799,1.12807
USD_JPY,1640000517.0,121.59623,121.60423
GBP_USD,1640000517.0,1.2646,1.26468
EUR_USD,1640000518.0,1.1284,1.12848
USD_JPY,1640000518.0,121.58685,121.59485
GBP_USD,1640000518.0,1.26466,1.26474
EUR_USD,1640000519.0,1.12782,1.1279
USD_JPY,1640000519.0,121.60977,121.61777
GBP_USD,1640000519.0,1.26465,1.26473
EUR_USD,1640000520.0,1.12798,1.12806
USD_JPY,1640000520.0,121.62825,121.63625
GBP_USD,1640000520.0,1.2647,1.26478
EUR_USD,1640000521.0,1.12807,1.12815
USD_JPY,1640000521.0,121.62488,121.63288
GBP_USD,1640000521.0,1.26479,1.26487
EUR_USD,1640000522.0,1.12813,1.12821
USD_JPY,1640000522.0,121.66029,121.66829
GBP_USD,1640000522.0,1.26488,1.26496
EUR_USD,1640000523.0,1.12798,1.12806
USD_JPY,1640000523.0,121.67043,121.67843
GBP_USD,1640000523.0,1.26479,1.26487
EUR_USD,1640000524.0,1.12807,1.12815
USD_JPY,1640000524.0,121.64579,121.65379
GBP_USD,1640000524.0,1.26451,1.26459
EUR_USD,1640000525.0,1.12831,1.12839
USD_JPY,1640000525.0,121.66246,121.67046
GBP_USD,1640000525.0,1.26458,1.26466
EUR_USD,1640000526.0,1.12834,1.12842
USD_JPY,1640000526.0,121.68602,121.69402
GBP_USD,1640000526.0,1.26449,1.26457
EUR_USD,1640000527.0,1.12819,1.12827
USD_JPY,1640000527.0,121.71744,121.72544
GBP_USD,1640000527.0,1.26447,1.26455
EUR_USD,1640000528.0,1.12844,1.12852
USD_JPY,1640000528.0,121.7429,121.7509
GBP_USD,1640000528.0,1.26429,1.26437
EUR_USD,1640000529.0,1.12828,1.12836
USD_JPY,1640000529.0,121.75853,121.76653
GBP_USD,1640000529.0,1.26429,1.26437
EUR_USD,1640000530.0,1.12793,1.12801
USD_JPY,1640000530.0,121.76762,121.77562
GBP_USD,1640000530.0,1.26442,1.2645
EUR_USD,1640000531.0,1.12813,1.12821
USD_JPY,1640000531.0,121.77419,121.78219
GBP_USD,1640000531.0,1.2645,1.26458
EUR_USD,1640000532.0,1.12789,1.12797
USD_JPY,1640000532.0,121.78238,121.79038
GBP_USD,1640000532.0,1.26431,1.26439
EUR_USD,1640000533.0,1.12776,1.12784
USD_JPY,1640000533.0,121.79841,121.80641
GBP_USD,1640000533.0,1.26422,1.2643
EUR_USD,1640000534.0,1.12747,1.12755
USD_JPY,1640000534.0,121.82943,121.83743
GBP_USD,1640000534.0,1.26408,1.26416
EUR_USD,1640000535.0,1.12754,1.12762
USD_JPY,1640000535.0,121.84019,121.84819
GBP_USD,1640000535.0,1.26415,1.26423
EUR_USD,1640000536.0,1.12746,1.12754
USD_JPY,1640000536.0,121.89719,121.90519
GBP_USD,1640000536.0,1.26413,1.26421
EUR_USD,1640000537.0,1.12787,1.12795
USD_JPY,1640000537.0,121.93431,121.94231
GBP_USD,1640000537.0,1.26396,1.26404
EUR_USD,1640000538.0,1.12831,1.12839
USD_JPY,1640000538.0,121.93155,121.93955
GBP_USD,1640000538.0,1.26409,1.26417
EUR_USD,1640000539.0,1.1284,1.12848
USD_JPY,1640000539.0,121.93726,121.94526
GBP_USD,1640000539.0,1.26426,1.26434
EUR_USD,1640000540.0,1.12872,1.1288
USD_JPY,1640000540.0,121.95165,121.95965
GBP_USD,1640000540.0,1.2642,1.26428
EUR_USD,1640000541.0,1.12886,1.12894
USD_JPY,1640000541.0,121.97245,121.98045
GBP_USD,1640000541.0,1.2642,1.26428
EUR_USD,1640000542.0,1.12915,1.12923
USD_JPY,1640000542.0,122.00812,122.01612
GBP_USD,1640000542.0,1.26424,1.26432
EUR_USD,1640000543.0,1.12963,1.12971
USD_JPY,1640000543.0,122.03426,122.04226
GBP_USD,1640000543.0,1.26404,1.26412
EUR_USD,1640000544.0,1.12974,1.12982
USD_JPY,1640000544.0,122.05262,122.06062
GBP_USD,1640000544.0,1.26404,1.26412
EUR_USD,1640000545.0,1.13004,1.13012
USD_JPY,1640000545.0,122.02988,122.03788
GBP_USD,1640000545.0,1.26396,1.26404
EUR_USD,1640000546.0,1.1296,1.12968
USD_JPY,1640000546.0,122.06968,122.07768
GBP_USD,1640000546.0,1.26396,1.26404
EUR_USD,1640000547.0,1.12951,1.12959
USD_JPY,1640000547.0,122.11975,122.12775
GBP_USD,1640000547.0,1.26403,1.26411
EUR_USD,1640000548.0,1.12978,1.12986
USD_JPY,1640000548.0,122.12239,122.13039
GBP_USD,1640000548.0,1.26396,1.26404
EUR_USD,1640000549.0,1.13034,1.13042
USD_JPY,1640000549.0,122.13791,122.14591
GBP_USD,1640000549.0,1.26397,1.26405
EUR_USD,1640000550.0,1.13049,1.13057
USD_JPY,1640000550.0,122.19101,122.19901
GBP_USD,1640000550.0,1.26398,1.26406
EUR_USD,1640000551.0,1.13058,1.13066
USD_JPY,1640000551.0,122.20261,122.21061
GBP_USD,1640000551.0,1.26396,1.26404
EUR_USD,1640000552.0,1.13098,1.13106
USD_JPY,1640000552.0,122.23861,122.24661
GBP_USD,1640000552.0,1.26415,1.26423
EUR_USD,1640000553.0,1.1311,1.13118
USD_JPY,1640000553.0,122.26355,122.27155
GBP_USD,1640000553.0,1.2641,1.26418
EUR_USD,1640000554.0,1.13134,1.13142
USD_JPY,1640000554.0,122.33166,122.33966
GBP_USD,1640000554.0,1.26407,1.26415
EUR_USD,1640000555.0,1.1312,1.13128
USD_JPY,1640000555.0,122.35977,122.36777
GBP_USD,1640000555.0,1.26419,1.26427
EUR_USD,1640000556.0,1.13161,1.13169
USD_JPY,1640000556.0,122.34577,122.35377
GBP_USD,1640000556.0,1.26418,1.26426
EUR_USD,1640000557.0,1.13173,1.13181
USD_JPY,1640000557.0,122.36636,122.37436
GBP_USD,1640000557.0,1.26423,1.26431
EUR_USD,1640000558.0,1.13174,1.13182
USD_JPY,1640000558.0,122.41943,122.42743
GBP_USD,1640000558.0,1.26412,1.2642
EUR_USD,1640000559.0,1.13197,1.13205
USD_JPY,1640000559.0,122.44021,122.44821
GBP_USD,1640000559.0,1.26403,1.26411
EUR_USD,1640000560.0,1.13193,1.13201
USD_JPY,1640000560.0,122.49253,122.50053
GBP_USD,1640000560.0,1.26407,1.26415
EUR_USD,1640000561.0,1.13221,1.13229
USD_JPY,1640000561.0,122.48389,122.49189
GBP_USD,1640000561.0,1.26406,1.26414
EUR_USD,1640000562.0,1.13201,1.13209
USD_JPY,1640000562.0,122.49638,122.50438
GBP_USD,1640000562.0,1.26397,1.26405
EUR_USD,1640000563.0,1.13206,1.13214
USD_JPY,1640000563.0,122.5178,122.5258
GBP_USD,1640000563.0,1.26397,1.26405
EUR_USD,1640000564.0,1.13245,1.13253
USD_JPY,1640000564.0,122.57263,122.58063
GBP_USD,1640000564.0,1.26397,1.26405
EUR_USD,1640000565.0,1.1327,1.13278
USD_JPY,1640000565.0,122.59636,122.60436
GBP_USD,1640000565.0,1.26396,1.26404
EUR_USD,1640000566.0,1.1326,1.13268
USD_JPY,1640000566.0,122.6453,122.6533
GBP_USD,1640000566.0,1.26396,1.26404
EUR_USD,1640000567.0,1.1327,1.13278
USD_JPY,1640000567.0,122.63452,122.64252
GBP_USD,1640000567.0,1.264,1.26408
EUR_USD,1640000568.0,1.13256,1.13264
USD_JPY,1640000568.0,122.68899,122.69699
GBP_USD,1640000568.0,1.26396,1.26404
EUR_USD,1640000569.0,1.13299,1.13307
USD_JPY,1640000569.0,122.72836,122.73636
GBP_USD,1640000569.0,1.26407,1.26415
EUR_USD,1640000570.0,1.13315,1.13323
USD_JPY,1640000570.0,122.79902,122.80702
GBP_USD,1640000570.0,1.264,1.26408
EUR_USD,1640000571.0,1.13342,1.1335
USD_JPY,1640000571.0,122.79939,122.80739
GBP_USD,1640000571.0,1.26407,1.26415
EUR_USD,1640000572.0,1.13367,1.13375
USD_JPY,1640000572.0,122.82279,122.83079
GBP_USD,1640000572.0,1.26407,1.26415
EUR_USD,1640000573.0,1.13368,1.13376
USD_JPY,1640000573.0,122.81259,122.82059
GBP_USD,1640000573.0,1.26413,1.26421
EUR_USD,1640000574.0,1.13364,1.13372
USD_JPY,1640000574.0,122.85331,122.86131
GBP_USD,1640000574.0,1.26404,1.26412
EUR_USD,1640000575.0,1.13392,1.134
USD_JPY,1640000575.0,122.87773,122.88573
GBP_USD,1640000575.0,1.26403,1.26411
EUR_USD,1640000576.0,1.13411,1.13419
USD_JPY,1640000576.0,122.89458,122.90258
GBP_USD,1640000576.0,1.26403,1.26411
EUR_USD,1640000577.0,1.13468,1.13476
USD_JPY,1640000577.0,122.93723,122.94523
GBP_USD,1640000577.0,1.26427,1.26435
EUR_USD,1640000578.0,1.13488,1.13496
USD_JPY,1640000578.0,123.00505,123.01305
GBP_USD,1640000578.0,1.26431,1.26439
EUR_USD,1640000579.0,1.13477,1.13485
USD_JPY,1640000579.0,123.01488,123.02288
GBP_USD,1640000579.0,1.26446,1.26454
EUR_USD,1640000580.0,1.13502,1.1351
USD_JPY,1640000580.0,123.02602,123.03402
GBP_USD,1640000580.0,1.26455,1.26463
EUR_USD,1640000581.0,1.13516,1.13524
USD_JPY,1640000581.0,123.05423,123.06223
GBP_USD,1640000581.0,1.26452,1.2646
EUR_USD,1640000582.0,1.13523,1.13531
USD_JPY,1640000582.0,123.09416,123.10216
GBP_USD,1640000582.0,1.26445,1.26453
EUR_USD,1640000583.0,1.13492,1.135
USD_JPY,1640000583.0,123.08901,123.09701
GBP_USD,1640000583.0,1.26451,1.26459
EUR_USD,1640000584.0,1.13512,1.1352
USD_JPY,1640000584.0,123.13301,123.14101
GBP_USD,1640000584.0,1.26444,1.26452
EUR_USD,1640000585.0,1.1352,1.13528
USD_JPY,1640000585.0,123.17414,123.18214
GBP_USD,1640000585.0,1.26439,1.26447
EUR_USD,1640000586.0,1.13489,1.13497
USD_JPY,1640000586.0,123.20681,123.21481
GBP_USD,1640000586.0,1.26442,1.2645
EUR_USD,1640000587.0,1.13469,1.13477
USD_JPY,1640000587.0,123.24259,123.25059
GBP_USD,1640000587.0,1.26452,1.2646
EUR_USD,1640000588.0,1.13496,1.13504
USD_JPY,1640000588.0,123.24549,123.25349
GBP_USD,1640000588.0,1.26464,1.26472
EUR_USD,1640000589.0,1.13477,1.13485
USD_JPY,1640000589.0,123.23106,123.23906
GBP_USD,1640000589.0,1.26482,1.2649
EUR_USD,1640000590.0,1.13518,1.13526
USD_JPY,1640000590.0,123.24846,123.25646
GBP_USD,1640000590.0,1.2649,1.26498
EUR_USD,1640000591.0,1.13513,1.13521
USD_JPY,1640000591.0,123.25393,123.26193
GBP_USD,1640000591.0,1.26471,1.26479
EUR_USD,1640000592.0,1.13586,1.13594
USD_JPY,1640000592.0,123.27229,123.28029
GBP_USD,1640000592.0,1.26498,1.26506
EUR_USD,1640000593.0,1.13576,1.13584
USD_JPY,1640000593.0,123.25595,123.26395
GBP_USD,1640000593.0,1.2652,1.26528
EUR_USD,1640000594.0,1.13561,1.13569
USD_JPY,1640000594.0,123.24724,123.25524
GBP_USD,1640000594.0,1.26504,1.26512
EUR_USD,1640000595.0,1.13579,1.13587
USD_JPY,1640000595.0,123.28338,123.29138
GBP_USD,1640000595.0,1.26493,1.26501
EUR_USD,1640000596.0,1.13589,1.13597
USD_JPY,1640000596.0,123.31234,123.32034
GBP_USD,1640000596.0,1.26479,1.26487
EUR_USD,1640000597.0,1.13619,1.13627
USD_JPY,1640000597.0,123.32107,123.32907
GBP_USD,1640000597.0,1.26468,1.26476
EUR_USD,1640000598.0,1.13629,1.13637
USD_JPY,1640000598.0,123.33403,123.34203
GBP_USD,1640000598.0,1.26489,1.26497
EUR_USD,1640000599.0,1.13618,1.13626
USD_JPY,1640000599.0,123.33512,123.34312
GBP_USD,1640000599.0,1.26472,1.2648
EUR_USD,1640000600.0,1.13659,1.13667
USD_JPY,1640000600.0,123.34829,123.35629
GBP_USD,1640000600.0,1.2647,1.26478
EUR_USD,1640000601.0,1.1369,1.13698
USD_JPY,1640000601.0,123.37681,123.38481
GBP_USD,1640000601.0,1.26472,1.2648
EUR_USD,1640000602.0,1.13703,1.13711
USD_JPY,1640000602.0,123.41843,123.42643
GBP_USD,1640000602.0,1.2647,1.26478
EUR_USD,1640000603.0,1.13742,1.1375
USD_JPY,1640000603.0,123.44116,123.44916
GBP_USD,1640000603.0,1.26477,1.26485
EUR_USD,1640000604.0,1.13777,1.13785
USD_JPY,1640000604.0,123.44832,123.45632
GBP_USD,1640000604.0,1.26469,1.26477
EUR_USD,1640000605.0,1.13841,1.13849
USD_JPY,1640000605.0,123.45811,123.46611
GBP_USD,1640000605.0,1.26486,1.26494
EUR_USD,1640000606.0,1.13858,1.13866
USD_JPY,1640000606.0,123.47512,123.48312
GBP_USD,1640000606.0,1.26485,1.26493
EUR_USD,1640000607.0,1.13903,1.13911
USD_JPY,1640000607.0,123.53426,123.54226
GBP_USD,1640000607.0,1.26491,1.26499
EUR_USD,1640000608.0,1.13906,1.13914
USD_JPY,1640000608.0,123.5724,123.5804
GBP_USD,1640000608.0,1.26503,1.26511
EUR_USD,1640000609.0,1.13927,1.13935
USD_JPY,1640000609.0,123.61332,123.62132
GBP_USD,1640000609.0,1.26511,1.26519
EUR_USD,1640000610.0,1.13932,1.1394
USD_JPY,1640000610.0,123.61159,123.61959
GBP_USD,1640000610.0,1.26511,1.26519
EUR_USD,1640000611.0,1.13944,1.13952
USD_JPY,1640000611.0,123.60612,123.61412
GBP_USD,1640000611.0,1.26543,1.26551
EUR_USD,1640000612.0,1.13958,1.13966
USD_JPY,1640000612.0,123.63174,123.63974
GBP_USD,1640000612.0,1.26549,1.26557
EUR_USD,1640000613.0,1.13988,1.13996
USD_JPY,1640000613.0,123.63465,123.64265
GBP_USD,1640000613.0,1.26541,1.26549
EUR_USD,1640000614.0,1.13971,1.13979
USD_JPY,1640000614.0,123.61467,123.62267
GBP_USD,1640000614.0,1.26557,1.26565
EUR_USD,1640000615.0,1.13957,1.13965
USD_JPY,1640000615.0,123.61731,123.62531
GBP_USD,1640000615.0,1.26569,1.26577
EUR_USD,1640000616.0,1.13968,1.13976
USD_JPY,1640000616.0,123.67555,123.68355
GBP_USD,1640000616.0,1.26564,1.26572
EUR_USD,1640000617.0,1.1397,1.13978
USD_JPY,1640000617.0,123.69539,123.70339
GBP_USD,1640000617.0,1.26564,1.26572
EUR_USD,1640000618.0,1.13959,1.13967
USD_JPY,1640000618.0,123.69847,123.70647
GBP_USD,1640000618.0,1.26577,1.26585
EUR_USD,1640000619.0,1.13954,1.13962
USD_JPY,1640000619.0,123.68504,123.69304
GBP_USD,1640000619.0,1.26572,1.2658
EUR_USD,1640000620.0,1.13953,1.13961
USD_JPY,1640000620.0,123.70785,123.71585
GBP_USD,1640000620.0,1.26573,1.26581
EUR_USD,1640000621.0,1.13932,1.1394
USD_JPY,1640000621.0,123.75269,123.76069
GBP_USD,1640000621.0,1.26594,1.26602
EUR_USD,1640000622.0,1.13963,1.13971
USD_JPY,1640000622.0,123.75253,123.76053
GBP_USD,1640000622.0,1.26587,1.26595
EUR_USD,1640000623.0,1.13965,1.13973
USD_JPY,1640000623.0,123.72523,123.73323
GBP_USD,1640000623.0,1.26576,1.26584
EUR_USD,1640000624.0,1.13989,1.13997
USD_JPY,1640000624.0,123.68177,123.68977
GBP_USD,1640000624.0,1.26562,1.2657
EUR_USD,1640000625.0,1.13978,1.13986
USD_JPY,1640000625.0,123.72926,123.73726
GBP_USD,1640000625.0,1.26545,1.26553
EUR_USD,1640000626.0,1.14002,1.1401
USD_JPY,1640000626.0,123.78392,123.79192
GBP_USD,1640000626.0,1.26546,1.26554
EUR_USD,1640000627.0,1.14009,1.14017
USD_JPY,1640000627.0,123.76932,123.77732
GBP_USD,1640000627.0,1.26556,1.26564
EUR_USD,1640000628.0,1.14043,1.14051
USD_JPY,1640000628.0,123.79612,123.80412
GBP_USD,1640000628.0,1.26556,1.26564
EUR_USD,1640000629.0,1.1404,1.14048
USD_JPY,1640000629.0,123.8205,123.8285
GBP_USD,1640000629.0,1.26574,1.26582
EUR_USD,1640000630.0,1.14054,1.14062
USD_JPY,1640000630.0,123.8076,123.8156
GBP_USD,1640000630.0,1.26588,1.26596
EUR_USD,1640000631.0,1.14079,1.14087
USD_JPY,1640000631.0,123.84625,123.85425
GBP_USD,1640000631.0,1.26581,1.26589
EUR_USD,1640000632.0,1.14065,1.14073
USD_JPY,1640000632.0,123.84516,123.85316
GBP_USD,1640000632.0,1.26573,1.26581
EUR_USD,1640000633.0,1.1406,1.14068
USD_JPY,1640000633.0,123.87399,123.88199
GBP_USD,1640000633.0,1.26593,1.26601
EUR_USD,1640000634.0,1.14072,1.1408
USD_JPY,1640000634.0,123.89562,123.90362
GBP_USD,1640000634.0,1.26596,1.26604
EUR_USD,1640000635.0,1.14064,1.14072
USD_JPY,1640000635.0,123.94693,123.95493
GBP_USD,1640000635.0,1.26596,1.26604
EUR_USD,1640000636.0,1.14084,1.14092
USD_JPY,1640000636.0,123.93486,123.94286
GBP_USD,1640000636.0,1.26574,1.26582
EUR_USD,1640000637.0,1.14075,1.14083
USD_JPY,1640000637.0,123.95045,123.95845
GBP_USD,1640000637.0,1.26564,1.26572
EUR_USD,1640000638.0,1.14066,1.14074
USD_JPY,1640000638.0,123.96733,123.97533
GBP_USD,1640000638.0,1.2657,1.26578
EUR_USD,1640000639.0,1.1407,1.14078
USD_JPY,1640000639.0,123.9944,124.0024
GBP_USD,1640000639.0,1.26583,1.26591
EUR_USD,1640000640.0,1.14096,1.14104
USD_JPY,1640000640.0,124.03906,124.04706
GBP_USD,1640000640.0,1.26575,1.26583
EUR_USD,1640000641.0,1.14156,1.14164
USD_JPY,1640000641.0,124.08691,124.09491
GBP_USD,1640000641.0,1.26565,1.26573
EUR_USD,1640000642.0,1.14129,1.14137
USD_JPY,1640000642.0,124.11255,124.12055
GBP_USD,1640000642.0,1.26565,1.26573
EUR_USD,1640000643.0,1.14153,1.14161
USD_JPY,1640000643.0,124.17049,124.17849
GBP_USD,1640000643.0,1.26549,1.26557
EUR_USD,1640000644.0,1.14143,1.14151
USD_JPY,1640000644.0,124.14725,124.15525
GBP_USD,1640000644.0,1.26539,1.26547
EUR_USD,1640000645.0,1.14132,1.1414
USD_JPY,1640000645.0,124.14444,124.15244
GBP_USD,1640000645.0,1.26548,1.26556
EUR_USD,1640000646.0,1.14169,1.14177
USD_JPY,1640000646.0,124.18889,124.19689
GBP_USD,1640000646.0,1.2654,1.26548
EUR_USD,1640000647.0,1.14183,1.14191
USD_JPY,1640000647.0,124.22014,124.22814
GBP_USD,1640000647.0,1.26555,1.26563
EUR_USD,1640000648.0,1.14197,1.14205
USD_JPY,1640000648.0,124.23153,124.23953
GBP_USD,1640000648.0,1.26552,1.2656
EUR_USD,1640000649.0,1.14144,1.14152
USD_JPY,1640000649.0,124.28649,124.29449
GBP_USD,1640000649.0,1.26537,1.26545
USD_JPY,1640000650.0,124.33581,124.34381
USD_JPY,1640000651.0,124.26377,124.27177
USD_JPY,1640000652.0,124.22591,124.23391
USD_JPY,1640000653.0,124.24119,124.24919
USD_JPY,1640000654.0,124.22661,124.23461
USD_JPY,1640000655.0,124.22725,124.23525
USD_JPY,1640000656.0,124.2292,124.2372
USD_JPY,1640000657.0,124.17472,124.18272
USD_JPY,1640000658.0,124.17645,124.18445
USD_JPY,1640000659.0,124.10467,124.11267
USD_JPY,1640000660.0,124.06103,124.06903
USD_JPY,1640000661.0,124.06709,124.07509
USD_JPY,1640000662.0,124.01656,124.02456
USD_JPY,1640000663.0,124.02791,124.03591
USD_JPY,1640000664.0,124.03962,124.04762
USD_JPY,1640000665.0,124.07652,124.08452
USD_JPY,1640000666.0,124.05739,124.06539
USD_JPY,1640000667.0,124.02124,124.02924
USD_JPY,1640000668.0,123.98826,123.99626
USD_JPY,1640000669.0,123.9943,124.0023
USD_JPY,1640000670.0,123.97085,123.97885
USD_JPY,1640000671.0,123.91502,123.92302
USD_JPY,1640000672.0,123.90171,123.90971
USD_JPY,1640000673.0,123.87605,123.88405
USD_JPY,1640000674.0,123.80586,123.81386
USD_JPY,1640000675.0,123.77009,123.77809
USD_JPY,1640000676.0,123.75484,123.76284
USD_JPY,1640000677.0,123.70485,123.71285
USD_JPY,1640000678.0,123.6623,123.6703
USD_JPY,1640000679.0,123.63566,123.64366
USD_JPY,1640000680.0,123.63315,123.64115
USD_JPY,1640000681.0,123.58567,123.59367
USD_JPY,1640000682.0,123.55604,123.56404
USD_JPY,1640000683.0,123.53576,123.54376
USD_JPY,1640000684.0,123.52208,123.53008
USD_JPY,1640000685.0,123.44582,123.45382
USD_JPY,1640000686.0,123.4701,123.4781
USD_JPY,1640000687.0,123.4339,123.4419
USD_JPY,1640000688.0,123.42478,123.43278
USD_JPY,1640000689.0,123.45514,123.46314
USD_JPY,1640000690.0,123.4277,123.4357
USD_JPY,1640000691.0,123.4231,123.4311
USD_JPY,1640000692.0,123.4403,123.4483
USD_JPY,1640000693.0,123.38263,123.39063
USD_JPY,1640000694.0,123.36257,123.37057
USD_JPY,1640000695.0,123.3593,123.3673
USD_JPY,1640000696.0,123.34102,123.34902
USD_JPY,1640000697.0,123.31162,123.31962
USD_JPY,1640000698.0,123.26593,123.27393
USD_JPY,1640000699.0,123.27686,123.28486
USD_JPY,1640000700.0,123.26048,123.26848
USD_JPY,1640000701.0,123.21388,123.22188
USD_JPY,1640000702.0,123.22583,123.23383
USD_JPY,1640000703.0,123.21398,123.22198
USD_JPY,1640000704.0,123.17824,123.18624
USD_JPY,1640000705.0,123.12984,123.13784
USD_JPY,1640000706.0,123.11862,123.12662
USD_JPY,1640000707.0,123.10157,123.10957
USD_JPY,1640000708.0,123.09542,123.10342
USD_JPY,1640000709.0,123.07888,123.08688
USD_JPY,1640000710.0,123.11627,123.12427
USD_JPY,1640000711.0,123.0496,123.0576
USD_JPY,1640000712.0,123.00714,123.01514
USD_JPY,1640000713.0,123.01886,123.02686
USD_JPY,1640000714.0,122.99248,123.00048
USD_JPY,1640000715.0,122.97056,122.97856
USD_JPY,1640000716.0,122.9612,122.9692
USD_JPY,1640000717.0,122.96747,122.97547
USD_JPY,1640000718.0,122.97039,122.97839
USD_JPY,1640000719.0,122.97576,122.98376
USD_JPY,1640000720.0,122.93254,122.94054
USD_JPY,1640000721.0,122.86396,122.87196
USD_JPY,1640000722.0,122.86029,122.86829
USD_JPY,1640000723.0,122.84737,122.85537
USD_JPY,1640000724.0,122.82777,122.83577
USD_JPY,1640000725.0,122.8099,122.8179
USD_JPY,1640000726.0,122.78777,122.79577
USD_JPY,1640000727.0,122.77481,122.78281
USD_JPY,1640000728.0,122.78265,122.79065
USD_JPY,1640000729.0,122.81694,122.82494
USD_JPY,1640000730.0,122.81015,122.81815
USD_JPY,1640000731.0,122.75648,122.76448
USD_JPY,1640000732.0,122.7674,122.7754
USD_JPY,1640000733.0,122.7111,122.7191
USD_JPY,1640000734.0,122.67384,122.68184
USD_JPY,1640000735.0,122.63458,122.64258
USD_JPY,1640000736.0,122.61368,122.62168
USD_JPY,1640000737.0,122.59386,122.60186
USD_JPY,1640000738.0,122.55873,122.56673
USD_JPY,1640000739.0,122.53772,122.54572
USD_JPY,1640000740.0,122.53299,122.54099
USD_JPY,1640000741.0,122.49519,122.50319
USD_JPY,1640000742.0,122.48886,122.49686
USD_JPY,1640000743.0,122.47308,122.48108
USD_JPY,1640000744.0,122.44346,122.45146
USD_JPY,1640000745.0,122.44437,122.45237
USD_JPY,1640000746.0,122.41267,122.42067
USD_JPY,1640000747.0,122.41444,122.42244
USD_JPY,1640000748.0,122.38389,122.39189
USD_JPY,1640000749.0,122.33644,122.34444
USD_JPY,1640000750.0,122.32441,122.33241
USD_JPY,1640000751.0,122.24829,122.25629
USD_JPY,1640000752.0,122.2411,122.2491
USD_JPY,1640000753.0,122.19899,122.20699
USD_JPY,1640000754.0,122.22465,122.23265
USD_JPY,1640000755.0,122.17504,122.18304
USD_JPY,1640000756.0,122.14405,122.15205
USD_JPY,1640000757.0,122.12727,122.13527
USD_JPY,1640000758.0,122.08178,122.08978
USD_JPY,1640000759.0,122.04576,122.05376
USD_JPY,1640000760.0,122.01432,122.02232
USD_JPY,1640000761.0,121.99727,122.00527
USD_JPY,1640000762.0,121.98214,121.99014
USD_JPY,1640000763.0,122.00491,122.01291
USD_JPY,1640000764.0,121.96043,121.96843
USD_JPY,1640000765.0,121.9303,121.9383
USD_JPY,1640000766.0,121.92286,121.93086
USD_JPY,1640000767.0,121.96224,121.97024
USD_JPY,1640000768.0,121.98717,121.99517
USD_JPY,1640000769.0,121.95072,121.95872
USD_JPY,1640000770.0,121.91029,121.91829
USD_JPY,1640000771.0,121.9154,121.9234
USD_JPY,1640000772.0,121.90184,121.90984
USD_JPY,1640000773.0,121.86362,121.87162
USD_JPY,1640000774.0,121.85464,121.86264
USD_JPY,1640000775.0,121.82741,121.83541
USD_JPY,1640000776.0,121.79874,121.80674
USD_JPY,1640000777.0,121.77601,121.78401
USD_JPY,1640000778.0,121.79539,121.80339
USD_JPY,1640000779.0,121.73256,121.74056
USD_JPY,1640000780.0,121.73104,121.73904
USD_JPY,1640000781.0,121.66116,121.66916
USD_JPY,1640000782.0,121.64893,121.65693
USD_JPY,1640000783.0,121.57698,121.58498
USD_JPY,1640000784.0,121.58066,121.58866
USD_JPY,1640000785.0,121.56173,121.56973
USD_JPY,1640000786.0,121.5032,121.5112
USD_JPY,1640000787.0,121.51683,121.52483
USD_JPY,1640000788.0,121.48981,121.49781
USD_JPY,1640000789.0,121.4789,121.4869
USD_JPY,1640000790.0,121.44214,121.45014
USD_JPY,1640000791.0,121.35516,121.36316
USD_JPY,1640000792.0,121.30892,121.31692
USD_JPY,1640000793.0,121.3404,121.3484
USD_JPY,1640000794.0,121.33112,121.33912
USD_JPY,1640000795.0,121.34223,121.35023
USD_JPY,1640000796.0,121.36116,121.36916
USD_JPY,1640000797.0,121.32828,121.33628
USD_JPY,1640000798.0,121.31707,121.32507
USD_JPY,1640000799.0,121.30795,121.31595
USD_JPY,1640000800.0,121.27611,121.28411
USD_JPY,1640000801.0,121.24179,121.24979
USD_JPY,1640000802.0,121.21244,121.22044
USD_JPY,1640000803.0,121.19819,121.20619
USD_JPY,1640000804.0,121.19135,121.19935
USD_JPY,1640000805.0,121.19377,121.20177
USD_JPY,1640000806.0,121.13923,121.14723
USD_JPY,1640000807.0,121.10943,121.11743
USD_JPY,1640000808.0,121.08364,121.09164
USD_JPY,1640000809.0,121.10004,121.10804
USD_JPY,1640000810.0,121.06519,121.07319
USD_JPY,1640000811.0,121.0384,121.0464
USD_JPY,1640000812.0,121.00212,121.01012
USD_JPY,1640000813.0,120.96822,120.97622
USD_JPY,1640000814.0,120.93129,120.93929
USD_JPY,1640000815.0,120.91396,120.92196
USD_JPY,1640000816.0,120.87106,120.87906
USD_JPY,1640000817.0,120.83175,120.83975
USD_JPY,1640000818.0,120.81445,120.82245
USD_JPY,1640000819.0,120.81352,120.82152
USD_JPY,1640000820.0,120.80709,120.81509
USD_JPY,1640000821.0,120.78342,120.79142
USD_JPY,1640000822.0,120.76498,120.77298
USD_JPY,1640000823.0,120.72884,120.73684
USD_JPY,1640000824.0,120.74601,120.75401
USD_JPY,1640000825.0,120.67471,120.68271
USD_JPY,1640000826.0,120.6786,120.6866
USD_JPY,1640000827.0,120.65957,120.66757
USD_JPY,1640000828.0,120.64072,120.64872
USD_JPY,1640000829.0,120.59692,120.60492
USD_JPY,1640000830.0,120.60417,120.61217
USD_JPY,1640000831.0,120.59888,120.60688
USD_JPY,1640000832.0,120.53711,120.54511
USD_JPY,1640000833.0,120.53002,120.53802
USD_JPY,1640000834.0,120.53899,120.54699
USD_JPY,1640000835.0,120.50734,120.51534
USD_JPY,1640000836.0,120.4573,120.4653
USD_JPY,1640000837.0,120.43225,120.44025
USD_JPY,1640000838.0,120.41627,120.42427
USD_JPY,1640000839.0,120.39492,120.40292
USD_JPY,1640000840.0,120.35033,120.35833
USD_JPY,1640000841.0,120.36145,120.36945
USD_JPY,1640000842.0,120.34743,120.35543
USD_JPY,1640000843.0,120.38558,120.39358
USD_JPY,1640000844.0,120.39098,120.39898
USD_JPY,1640000845.0,120.37128,120.37928
USD_JPY,1640000846.0,120.36324,120.37124
USD_JPY,1640000847.0,120.34885,120.35685
USD_JPY,1640000848.0,120.30949,120.31749
USD_JPY,1640000849.0,120.28721,120.29521
USD_JPY,1640000850.0,120.26143,120.26943
USD_JPY,1640000851.0,120.21494,120.22294
USD_JPY,1640000852.0,120.1906,120.1986
USD_JPY,1640000853.0,120.17129,120.17929
USD_JPY,1640000854.0,120.14397,120.15197
USD_JPY,1640000855.0,120.08671,120.09471
USD_JPY,1640000856.0,120.09102,120.09902
USD_JPY,1640000857.0,120.05658,120.06458
USD_JPY,1640000858.0,120.04077,120.04877
USD_JPY,1640000859.0,120.04022,120.04822
USD_JPY,1640000860.0,120.00843,120.01643
USD_JPY,1640000861.0,119.97267,119.98067
USD_JPY,1640000862.0,119.96244,119.97044
USD_JPY,1640000863.0,119.92662,119.93462
USD_JPY,1640000864.0,119.92133,119.92933
USD_JPY,1640000865.0,119.90942,119.91742
USD_JPY,1640000866.0,119.88473,119.89273
USD_JPY,1640000867.0,119.91173,119.91973
USD_JPY,1640000868.0,119.86823,119.87623
USD_JPY,1640000869.0,119.83521,119.84321
USD_JPY,1640000870.0,119.84866,119.85666
USD_JPY,1640000871.0,119.83678,119.84478
USD_JPY,1640000872.0,119.85028,119.85828
USD_JPY,1640000873.0,119.87724,119.88524
USD_JPY,1640000874.0,119.83158,119.83958
USD_JPY,1640000875.0,119.79441,119.80241
USD_JPY,1640000876.0,119.78686,119.79486
USD_JPY,1640000877.0,119.74382,119.75182
USD_JPY,1640000878.0,119.71604,119.72404
USD_JPY,1640000879.0,119.69067,119.69867
USD_JPY,1640000880.0,119.65446,119.66246
USD_JPY,1640000881.0,119.63097,119.63897
USD_JPY,1640000882.0,119.64473,119.65273
USD_JPY,1640000883.0,119.63048,119.63848
USD_JPY,1640000884.0,119.62288,119.63088
USD_JPY,1640000885.0,119.6002,119.6082
USD_JPY,1640000886.0,119.56703,119.57503
USD_JPY,1640000887.0,119.5443,119.5523
USD_JPY,1640000888.0,119.5385,119.5465
USD_JPY,1640000889.0,119.52366,119.53166
USD_JPY,1640000890.0,119.50155,119.50955
USD_JPY,1640000891.0,119.48272,119.49072
USD_JPY,1640000892.0,119.43143,119.43943
USD_JPY,1640000893.0,119.42847,119.43647
USD_JPY,1640000894.0,119.47147,119.47947
USD_JPY,1640000895.0,119.49821,119.50621
USD_JPY,1640000896.0,119.45318,119.46118
USD_JPY,1640000897.0,119.37405,119.38205
USD_JPY,1640000898.0,119.33609,119.34409
USD_JPY,1640000899.0,119.30765,119.31565
USD_JPY,1640000900.0,119.2591,119.2671
USD_JPY,1640000901.0,119.26129,119.26929
USD_JPY,1640000902.0,119.2568,119.2648
USD_JPY,1640000903.0,119.2333,119.2413
USD_JPY,1640000904.0,119.22551,119.23351
USD_JPY,1640000905.0,119.26523,119.27323
USD_JPY,1640000906.0,119.27237,119.28037
USD_JPY,1640000907.0,119.19581,119.20381
USD_JPY,1640000908.0,119.19599,119.20399
USD_JPY,1640000909.0,119.1849,119.1929
USD_JPY,1640000910.0,119.16777,119.17577
USD_JPY,1640000911.0,119.15787,119.16587
USD_JPY,1640000912.0,119.11287,119.12087
USD_JPY,1640000913.0,119.11851,119.12651
USD_JPY,1640000914.0,119.11006,119.11806
USD_JPY,1640000915.0,119.13403,119.14203
USD_JPY,1640000916.0,119.10782,119.11582
USD_JPY,1640000917.0,119.0769,119.0849
USD_JPY,1640000918.0,119.03462,119.04262
USD_JPY,1640000919.0,119.01032,119.01832
USD_JPY,1640000920.0,118.99025,118.99825
USD_JPY,1640000921.0,118.96533,118.97333
USD_JPY,1640000922.0,118.94286,118.95086
USD_JPY,1640000923.0,118.93489,118.94289
USD_JPY,1640000924.0,118.94022,118.94822
USD_JPY,1640000925.0,118.90795,118.91595
USD_JPY,1640000926.0,118.93397,118.94197
USD_JPY,1640000927.0,118.87388,118.88188
USD_JPY,1640000928.0,118.86086,118.86886
USD_JPY,1640000929.0,118.83783,118.84583
USD_JPY,1640000930.0,118.84205,118.85005
USD_JPY,1640000931.0,118.80722,118.81522
USD_JPY,1640000932.0,118.76308,118.77108
USD_JPY,1640000933.0,118.74681,118.75481
USD_JPY,1640000934.0,118.7093,118.7173
USD_JPY,1640000935.0,118.71068,118.71868
USD_JPY,1640000936.0,118.70604,118.71404
USD_JPY,1640000937.0,118.68896,118.69696
USD_JPY,1640000938.0,118.70494,118.71294
USD_JPY,1640000939.0,118.65396,118.66196
USD_JPY,1640000940.0,118.63122,118.63922
USD_JPY,1640000941.0,118.57155,118.57955
USD_JPY,1640000942.0,118.56037,118.56837
USD_JPY,1640000943.0,118.53003,118.53803
USD_JPY,1640000944.0,118.50486,118.51286
USD_JPY,1640000945.0,118.46388,118.47188
USD_JPY,1640000946.0,118.47027,118.47827
USD_JPY,1640000947.0,118.48088,118.48888
USD_JPY,1640000948.0,118.45285,118.46085
USD_JPY,1640000949.0,118.34714,118.35514
USD_JPY,1640000950.0,118.3621,118.3701
USD_JPY,1640000951.0,118.33879,118.34679
USD_JPY,1640000952.0,118.3614,118.3694
USD_JPY,1640000953.0,118.40024,118.40824
USD_JPY,1640000954.0,118.36709,118.37509
USD_JPY,1640000955.0,118.36265,118.37065
USD_JPY,1640000956.0,118.34807,118.35607
USD_JPY,1640000957.0,118.34293,118.35093
USD_JPY,1640000958.0,118.30345,118.31145
USD_JPY,1640000959.0,118.21468,118.22268
USD_JPY,1640000960.0,118.21151,118.21951
USD_JPY,1640000961.0,118.17648,118.18448
USD_JPY,1640000962.0,118.15782,118.16582
USD_JPY,1640000963.0,118.15579,118.16379
USD_JPY,1640000964.0,118.12094,118.12894
USD_JPY,1640000965.0,118.0594,118.0674
USD_JPY,1640000966.0,118.01076,118.01876
USD_JPY,1640000967.0,117.94925,117.95725
USD_JPY,1640000968.0,117.92769,117.93569
USD_JPY,1640000969.0,117.91949,117.92749
USD_JPY,1640000970.0,117.89833,117.90633
USD_JPY,1640000971.0,117.86623,117.87423
USD_JPY,1640000972.0,117.83966,117.84766
USD_JPY,1640000973.0,117.82585,117.83385
USD_JPY,1640000974.0,117.7995,117.8075
USD_JPY,1640000975.0,117.71968,117.72768
USD_JPY,1640000976.0,117.71118,117.71918
USD_JPY,1640000977.0,117.6671,117.6751
USD_JPY,1640000978.0,117.62185,117.62985
USD_JPY,1640000979.0,117.59249,117.60049
USD_JPY,1640000980.0,117.5673,117.5753
USD_JPY,1640000981.0,117.52347,117.53147
USD_JPY,1640000982.0,117.51118,117.51918
USD_JPY,1640000983.0,117.49739,117.50539
USD_JPY,1640000984.0,117.51476,117.52276
USD_JPY,1640000985.0,117.48189,117.48989
USD_JPY,1640000986.0,117.4873,117.4953
USD_JPY,1640000987.0,117.44801,117.45601
USD_JPY,1640000988.0,117.44587,117.45387
USD_JPY,1640000989.0,117.42298,117.43098
USD_JPY,1640000990.0,117.41547,117.42347
USD_JPY,1640000991.0,117.39869,117.40669
USD_JPY,1640000992.0,117.34239,117.35039
USD_JPY,1640000993.0,117.33687,117.34487
USD_JPY,1640000994.0,117.32084,117.32884
USD_JPY,1640000995.0,117.30574,117.31374
USD_JPY,1640000996.0,117.27072,117.27872
USD_JPY,1640000997.0,117.22784,117.23584
USD_JPY,1640000998.0,117.20877,117.21677
USD_JPY,1640000999.0,117.16341,117.17141
USD_JPY,1640001000.0,117.1121,117.1201
USD_JPY,1640001001.0,117.08986,117.09786
USD_JPY,1640001002.0,117.07485,117.08285
USD_JPY,1640001003.0,117.13763,117.14563
USD_JPY,1640001004.0,117.12118,117.12918
USD_JPY,1640001005.0,117.11247,117.12047
USD_JPY,1640001006.0,117.11845,117.12645
USD_JPY,1640001007.0,117.08529,117.09329
USD_JPY,1640001008.0,117.07331,117.08131
USD_JPY,1640001009.0,117.02605,117.03405
USD_JPY,1640001010.0,116.98966,116.99766
USD_JPY,1640001011.0,116.94947,116.95747
USD_JPY,1640001012.0,116.96811,116.97611
USD_JPY,1640001013.0,116.95683,116.96483
USD_JPY,1640001014.0,116.91898,116.92698
USD_JPY,1640001015.0,116.89167,116.89967
USD_JPY,1640001016.0,116.854,116.862
USD_JPY,1640001017.0,116.86398,116.87198
USD_JPY,1640001018.0,116.80899,116.81699
USD_JPY,1640001019.0,116.8091,116.8171
USD_JPY,1640001020.0,116.80979,116.81779
USD_JPY,1640001021.0,116.77535,116.78335
USD_JPY,1640001022.0,116.76176,116.76976
USD_JPY,1640001023.0,116.69884,116.70684
USD_JPY,1640001024.0,116.68668,116.69468
USD_JPY,1640001025.0,116.68109,116.68909
USD_JPY,1640001026.0,116.6653,116.6733
USD_JPY,1640001027.0,116.6292,116.6372
USD_JPY,1640001028.0,116.62221,116.63021
USD_JPY,1640001029.0,116.60816,116.61616
USD_JPY,1640001030.0,116.53619,116.54419
USD_JPY,1640001031.0,116.49424,116.50224
USD_JPY,1640001032.0,116.50273,116.51073
USD_JPY,1640001033.0,116.47969,116.48769
USD_JPY,1640001034.0,116.45046,116.45846
USD_JPY,1640001035.0,116.41037,116.41837
USD_JPY,1640001036.0,116.40991,116.41791
USD_JPY,1640001037.0,116.41431,116.42231
USD_JPY,1640001038.0,116.39309,116.40109
USD_JPY,1640001039.0,116.41685,116.42485
USD_JPY,1640001040.0,116.3742,116.3822
USD_JPY,1640001041.0,116.3246,116.3326
USD_JPY,1640001042.0,116.32617,116.33417
USD_JPY,1640001043.0,116.28496,116.29296
USD_JPY,1640001044.0,116.2681,116.2761
USD_JPY,1640001045.0,116.23181,116.23981
USD_JPY,1640001046.0,116.19783,116.20583
USD_JPY,1640001047.0,116.15947,116.16747
USD_JPY,1640001048.0,116.11524,116.12324
USD_JPY,1640001049.0,116.09732,116.10532
USD_JPY,1640001050.0,116.07378,116.08178
USD_JPY,1640001051.0,116.08532,116.09332
USD_JPY,1640001052.0,116.07451,116.08251
USD_JPY,1640001053.0,116.0527,116.0607
USD_JPY,1640001054.0,116.00863,116.01663
USD_JPY,1640001055.0,115.97452,115.98252
USD_JPY,1640001056.0,115.9546,115.9626
USD_JPY,1640001057.0,115.94011,115.94811
USD_JPY,1640001058.0,115.90208,115.91008
USD_JPY,1640001059.0,115.89293,115.90093
USD_JPY,1640001060.0,115.90307,115.91107
USD_JPY,1640001061.0,115.83975,115.84775
USD_JPY,1640001062.0,115.79621,115.80421
USD_JPY,1640001063.0,115.78725,115.79525
USD_JPY,1640001064.0,115.73535,115.74335
USD_JPY,1640001065.0,115.73435,115.74235
USD_JPY,1640001066.0,115.72208,115.73008
USD_JPY,1640001067.0,115.72327,115.73127
USD_JPY,1640001068.0,115.7371,115.7451
USD_JPY,1640001069.0,115.70191,115.70991
USD_JPY,1640001070.0,115.7046,115.7126
USD_JPY,1640001071.0,115.67282,115.68082
USD_JPY,1640001072.0,115.65601,115.66401
USD_JPY,1640001073.0,115.64887,115.65687
USD_JPY,1640001074.0,115.6363,115.6443
USD_JPY,1640001075.0,115.64241,115.65041
USD_JPY,1640001076.0,115.59339,115.60139
USD_JPY,1640001077.0,115.60212,115.61012
USD_JPY,1640001078.0,115.583,115.591
USD_JPY,1640001079.0,115.53459,115.54259
USD_JPY,1640001080.0,115.55123,115.55923
USD_JPY,1640001081.0,115.5114,115.5194
USD_JPY,1640001082.0,115.51148,115.51948
USD_JPY,1640001083.0,115.52834,115.53634
USD_JPY,1640001084.0,115.50641,115.51441
USD_JPY,1640001085.0,115.51956,115.52756
USD_JPY,1640001086.0,115.49348,115.50148
USD_JPY,1640001087.0,115.51113,115.51913
USD_JPY,1640001088.0,115.52146,115.52946
USD_JPY,1640001089.0,115.50843,115.51643
USD_JPY,1640001090.0,115.50524,115.51324
USD_JPY,1640001091.0,115.46859,115.47659
USD_JPY,1640001092.0,115.47918,115.48718
USD_JPY,1640001093.0,115.44442,115.45242
USD_JPY,1640001094.0,115.41389,115.42189
USD_JPY,1640001095.0,115.37694,115.38494
USD_JPY,1640001096.0,115.36674,115.37474
USD_JPY,1640001097.0,115.37927,115.38727
USD_JPY,1640001098.0,115.35395,115.36195
USD_JPY,1640001099.0,115.29318,115.30118
USD_JPY,1640001100.0,115.24851,115.25651
USD_JPY,1640001101.0,115.17319,115.18119
USD_JPY,1640001102.0,115.18,115.188
USD_JPY,1640001103.0,115.20761,115.21561
USD_JPY,1640001104.0,115.14331,115.15131
USD_JPY,1640001105.0,115.07202,115.08002
USD_JPY,1640001106.0,115.01305,115.02105
USD_JPY,1640001107.0,114.95409,114.96209
USD_JPY,1640001108.0,114.91063,114.91863
USD_JPY,1640001109.0,114.88847,114.89647
USD_JPY,1640001110.0,114.84443,114.85243
USD_JPY,1640001111.0,114.82528,114.83328
USD_JPY,1640001112.0,114.80883,114.81683
USD_JPY,1640001113.0,114.78127,114.78927
USD_JPY,1640001114.0,114.71777,114.72577
USD_JPY,1640001115.0,114.65551,114.66351
USD_JPY,1640001116.0,114.64495,114.65295
USD_JPY,1640001117.0,114.62722,114.63522
USD_JPY,1640001118.0,114.5939,114.6019
USD_JPY,1640001119.0,114.59586,114.60386
USD_JPY,1640001120.0,114.59783,114.60583
USD_JPY,1640001121.0,114.58234,114.59034
USD_JPY,1640001122.0,114.58722,114.59522
USD_JPY,1640001123.0,114.5666,114.5746
USD_JPY,1640001124.0,114.49985,114.50785
USD_JPY,1640001125.0,114.47405,114.48205
USD_JPY,1640001126.0,114.49917,114.50717
USD_JPY,1640001127.0,114.49807,114.50607
USD_JPY,1640001128.0,114.49496,114.50296
USD_JPY,1640001129.0,114.4666,114.4746
USD_JPY,1640001130.0,114.39763,114.40563
USD_JPY,1640001131.0,114.38454,114.39254
USD_JPY,1640001132.0,114.40706,114.41506
USD_JPY,1640001133.0,114.39345,114.40145
USD_JPY,1640001134.0,114.36977,114.37777
USD_JPY,1640001135.0,114.34144,114.34944
USD_JPY,1640001136.0,114.32976,114.33776
USD_JPY,1640001137.0,114.30306,114.31106
USD_JPY,1640001138.0,114.30089,114.30889
USD_JPY,1640001139.0,114.25881,114.26681
USD_JPY,1640001140.0,114.24362,114.25162
USD_JPY,1640001141.0,114.19158,114.19958
USD_JPY,1640001142.0,114.18697,114.19497
USD_JPY,1640001143.0,114.16837,114.17637
USD_JPY,1640001144.0,114.11591,114.12391
USD_JPY,1640001145.0,114.07687,114.08487
USD_JPY,1640001146.0,114.0657,114.0737
USD_JPY,1640001147.0,114.0494,114.0574
USD_JPY,1640001148.0,114.05378,114.06178
USD_JPY,1640001149.0,114.04833,114.05633
USD_JPY,1640001150.0,114.0274,114.0354
USD_JPY,1640001151.0,114.0529,114.0609
USD_JPY,1640001152.0,113.99609,114.00409
USD_JPY,1640001153.0,113.98731,113.99531
USD_JPY,1640001154.0,113.99774,114.00574
USD_JPY,1640001155.0,113.99816,114.00616
USD_JPY,1640001156.0,113.97275,113.98075
USD_JPY,1640001157.0,113.91439,113.92239
USD_JPY,1640001158.0,113.86547,113.87347
USD_JPY,1640001159.0,113.85275,113.86075
USD_JPY,1640001160.0,113.81904,113.82704
USD_JPY,1640001161.0,113.82455,113.83255
USD_JPY,1640001162.0,113.80607,113.81407
USD_JPY,1640001163.0,113.77706,113.78506
USD_JPY,1640001164.0,113.7825,113.7905
USD_JPY,1640001165.0,113.77564,113.78364
USD_JPY,1640001166.0,113.79057,113.79857
USD_JPY,1640001167.0,113.76002,113.76802
USD_JPY,1640001168.0,113.75798,113.76598
USD_JPY,1640001169.0,113.71307,113.72107
USD_JPY,1640001170.0,113.68493,113.69293
USD_JPY,1640001171.0,113.62472,113.63272
USD_JPY,1640001172.0,113.58028,113.58828
USD_JPY,1640001173.0,113.54733,113.55533
USD_JPY,1640001174.0,113.48198,113.48998
USD_JPY,1640001175.0,113.42105,113.42905
USD_JPY,1640001176.0,113.41017,113.41817
USD_JPY,1640001177.0,113.37707,113.38507
USD_JPY,1640001178.0,113.3188,113.3268
USD_JPY,1640001179.0,113.31512,113.32312
USD_JPY,1640001180.0,113.30445,113.31245
USD_JPY,1640001181.0,113.266,113.274
USD_JPY,1640001182.0,113.28772,113.29572
USD_JPY,1640001183.0,113.28456,113.29256
USD_JPY,1640001184.0,113.26778,113.27578
USD_JPY,1640001185.0,113.20314,113.21114
USD_JPY,1640001186.0,113.13819,113.14619
USD_JPY,1640001187.0,113.1641,113.1721
USD_JPY,1640001188.0,113.1749,113.1829
USD_JPY,1640001189.0,113.19005,113.19805
USD_JPY,1640001190.0,113.17446,113.18246
USD_JPY,1640001191.0,113.16618,113.17418
USD_JPY,1640001192.0,113.15253,113.16053
USD_JPY,1640001193.0,113.12171,113.12971
USD_JPY,1640001194.0,113.09797,113.10597
USD_JPY,1640001195.0,113.09353,113.10153
USD_JPY,1640001196.0,113.09825,113.10625
USD_JPY,1640001197.0,113.06035,113.06835
USD_JPY,1640001198.0,113.04459,113.05259
USD_JPY,1640001199.0,113.00454,113.01254
USD_JPY,1640001200.0,112.99539,113.00339
USD_JPY,1640001201.0,112.96914,112.97714
USD_JPY,1640001202.0,112.90686,112.91486
USD_JPY,1640001203.0,112.90535,112.91335
USD_JPY,1640001204.0,112.89172,112.89972
USD_JPY,1640001205.0,112.85812,112.86612
USD_JPY,1640001206.0,112.84115,112.84915
USD_JPY,1640001207.0,112.85651,112.86451
USD_JPY,1640001208.0,112.83178,112.83978
USD_JPY,1640001209.0,112.8352,112.8432
USD_JPY,1640001210.0,112.8005,112.8085
USD_JPY,1640001211.0,112.76898,112.77698
USD_JPY,1640001212.0,112.72502,112.73302
USD_JPY,1640001213.0,112.6753,112.6833
USD_JPY,1640001214.0,112.64037,112.64837
USD_JPY,1640001215.0,112.61056,112.61856
USD_JPY,1640001216.0,112.56534,112.57334
USD_JPY,1640001217.0,112.5539,112.5619
USD_JPY,1640001218.0,112.54261,112.55061
USD_JPY,1640001219.0,112.49334,112.50134
USD_JPY,1640001220.0,112.44976,112.45776
USD_JPY,1640001221.0,112.39922,112.40722
USD_JPY,1640001222.0,112.35865,112.36665
USD_JPY,1640001223.0,112.36014,112.36814
USD_JPY,1640001224.0,112.35139,112.35939
USD_JPY,1640001225.0,112.33633,112.34433
USD_JPY,1640001226.0,112.30323,112.31123
USD_JPY,1640001227.0,112.25712,112.26512
USD_JPY,1640001228.0,112.25603,112.26403
USD_JPY,1640001229.0,112.25841,112.26641
USD_JPY,1640001230.0,112.24025,112.24825
USD_JPY,1640001231.0,112.20248,112.21048
USD_JPY,1640001232.0,112.16959,112.17759
USD_JPY,1640001233.0,112.11297,112.12097
USD_JPY,1640001234.0,112.07106,112.07906
USD_JPY,1640001235.0,112.06362,112.07162
USD_JPY,1640001236.0,112.03683,112.04483
USD_JPY,1640001237.0,112.05894,112.06694
USD_JPY,1640001238.0,111.98454,111.99254
USD_JPY,1640001239.0,111.97009,111.97809
USD_JPY,1640001240.0,111.9524,111.9604
USD_JPY,1640001241.0,111.94808,111.95608
USD_JPY,1640001242.0,111.94707,111.95507
USD_JPY,1640001243.0,111.87391,111.88191
USD_JPY,1640001244.0,111.84379,111.85179
USD_JPY,1640001245.0,111.81316,111.82116
USD_JPY,1640001246.0,111.78296,111.79096
USD_JPY,1640001247.0,111.78972,111.79772
USD_JPY,1640001248.0,111.79927,111.80727
USD_JPY,1640001249.0,111.75122,111.75922
USD_JPY,1640001250.0,111.75169,111.75969
USD_JPY,1640001251.0,111.78119,111.78919
USD_JPY,1640001252.0,111.76117,111.76917
USD_JPY,1640001253.0,111.74794,111.75594
USD_JPY,1640001254.0,111.68833,111.69633
USD_JPY,1640001255.0,111.69172,111.69972
USD_JPY,1640001256.0,111.71082,111.71882
USD_JPY,1640001257.0,111.66893,111.67693
USD_JPY,1640001258.0,111.67784,111.68584
USD_JPY,1640001259.0,111.65238,111.66038
USD_JPY,1640001260.0,111.69839,111.70639
USD_JPY,1640001261.0,111.71161,111.71961
USD_JPY,1640001262.0,111.68664,111.69464
USD_JPY,1640001263.0,111.71204,111.72004
USD_JPY,1640001264.0,111.67426,111.68226
USD_JPY,1640001265.0,111.66484,111.67284
USD_JPY,1640001266.0,111.66113,111.66913
USD_JPY,1640001267.0,111.63963,111.64763
USD_JPY,1640001268.0,111.65353,111.66153
USD_JPY,1640001269.0,111.66843,111.67643
USD_JPY,1640001270.0,111.6694,111.6774
USD_JPY,1640001271.0,111.64611,111.65411
USD_JPY,1640001272.0,111.61785,111.62585
USD_JPY,1640001273.0,111.55366,111.56166
USD_JPY,1640001274.0,111.53132,111.53932
USD_JPY,1640001275.0,111.54589,111.55389
USD_JPY,1640001276.0,111.54444,111.55244
USD_JPY,1640001277.0,111.5213,111.5293
USD_JPY,1640001278.0,111.5341,111.5421
