instrument,ts,bid,ask
EUR_USD,1640000000.0,1.10006,1.10014
EUR_USD,1640000001.0,1.10046,1.10054
EUR_USD,1640000002.0,1.10046,1.10054
EUR_USD,1640000003.0,1.10075,1.10083
EUR_USD,1640000004.0,1.1008,1.10088
EUR_USD,1640000005.0,1.10106,1.10114
EUR_USD,1640000006.0,1.10097,1.10105
EUR_USD,1640000007.0,1.10122,1.1013
EUR_USD,1640000008.0,1.10131,1.10139
EUR_USD,1640000009.0,1.1016,1.10168
EUR_USD,1640000010.0,1.10186,1.10194
EUR_USD,1640000011.0,1.10177,1.10185
EUR_USD,1640000012.0,1.10178,1.10186
EUR_USD,1640000013.0,1.10198,1.10206
EUR_USD,1640000014.0,1.10212,1.1022
EUR_USD,1640000015.0,1.10221,1.10229
EUR_USD,1640000016.0,1.10232,1.1024
EUR_USD,1640000017.0,1.10233,1.10241
EUR_USD,1640000018.0,1.10244,1.10252
EUR_USD,1640000019.0,1.10266,1.10274
EUR_USD,1640000020.0,1.10283,1.10291
EUR_USD,1640000021.0,1.10293,1.10301
EUR_USD,1640000022.0,1.10302,1.1031
EUR_USD,1640000023.0,1.10301,1.10309
EUR_USD,1640000024.0,1.10318,1.10326
EUR_USD,1640000025.0,1.10335,1.10343
EUR_USD,1640000026.0,1.10364,1.10372
EUR_USD,1640000027.0,1.10372,1.1038
EUR_USD,1640000028.0,1.10396,1.10404
EUR_USD,1640000029.0,1.104,1.10408
EUR_USD,1640000030.0,1.10422,1.1043
EUR_USD,1640000031.0,1.10432,1.1044
EUR_USD,1640000032.0,1.10431,1.10439
EUR_USD,1640000033.0,1.10423,1.10431
EUR_USD,1640000034.0,1.1041,1.10418
EUR_USD,1640000035.0,1.10433,1.10441
EUR_USD,1640000036.0,1.1043,1.10438
EUR_USD,1640000037.0,1.10436,1.10444
EUR_USD,1640000038.0,1.10445,1.10453
EUR_USD,1640000039.0,1.10427,1.10435
EUR_USD,1640000040.0,1.10428,1.10436
EUR_USD,1640000041.0,1.10404,1.10412
EUR_USD,1640000042.0,1.10404,1.10412
EUR_USD,1640000043.0,1.10416,1.10424
EUR_USD,1640000044.0,1.10407,1.10415
EUR_USD,1640000045.0,1.10411,1.10419
EUR_USD,1640000046.0,1.10425,1.10433
EUR_USD,1640000047.0,1.10448,1.10456
EUR_USD,1640000048.0,1.10463,1.10471
EUR_USD,1640000049.0,1.1045,1.10458
EUR_USD,1640000050.0,1.10458,1.10466
EUR_USD,1640000051.0,1.10452,1.1046
EUR_USD,1640000052.0,1.10465,1.10473
EUR_USD,1640000053.0,1.10489,1.10497
EUR_USD,1640000054.0,1.10495,1.10503
EUR_USD,1640000055.0,1.10497,1.10505
EUR_USD,1640000056.0,1.10522,1.1053
EUR_USD,1640000057.0,1.10541,1.10549
EUR_USD,1640000058.0,1.10526,1.10534
EUR_USD,1640000059.0,1.10514,1.10522
EUR_USD,1640000060.0,1.10528,1.10536
EUR_USD,1640000061.0,1.10525,1.10533
EUR_USD,1640000062.0,1.10539,1.10547
EUR_USD,1640000063.0,1.1054,1.10548
EUR_USD,1640000064.0,1.10576,1.10584
EUR_USD,1640000065.0,1.10567,1.10575
EUR_USD,1640000066.0,1.10577,1.10585
EUR_USD,1640000067.0,1.10591,1.10599
EUR_USD,1640000068.0,1.10608,1.10616
EUR_USD,1640000069.0,1.10619,1.10627
EUR_USD,1640000070.0,1.10636,1.10644
EUR_USD,1640000071.0,1.1066,1.10668
EUR_USD,1640000072.0,1.10683,1.10691
EUR_USD,1640000073.0,1.10688,1.10696
EUR_USD,1640000074.0,1.10672,1.1068
EUR_USD,1640000075.0,1.10692,1.107
EUR_USD,1640000076.0,1.10694,1.10702
EUR_USD,1640000077.0,1.10704,1.10712
EUR_USD,1640000078.0,1.10696,1.10704
EUR_USD,1640000079.0,1.10707,1.10715
EUR_USD,1640000080.0,1.10731,1.10739
EUR_USD,1640000081.0,1.10752,1.1076
EUR_USD,1640000082.0,1.10745,1.10753
EUR_USD,1640000083.0,1.10745,1.10753
EUR_USD,1640000084.0,1.1074,1.10748
EUR_USD,1640000085.0,1.10757,1.10765
EUR_USD,1640000086.0,1.10764,1.10772
EUR_USD,1640000087.0,1.10754,1.10762
EUR_USD,1640000088.0,1.10776,1.10784
EUR_USD,1640000089.0,1.10804,1.10812
EUR_USD,1640000090.0,1.10809,1.10817
EUR_USD,1640000091.0,1.1082,1.10828
EUR_USD,1640000092.0,1.10836,1.10844
EUR_USD,1640000093.0,1.10826,1.10834
EUR_USD,1640000094.0,1.10835,1.10843
EUR_USD,1640000095.0,1.10835,1.10843
EUR_USD,1640000096.0,1.10806,1.10814
EUR_USD,1640000097.0,1.10822,1.1083
EUR_USD,1640000098.0,1.1082,1.10828
EUR_USD,1640000099.0,1.1083,1.10838
EUR_USD,1640000100.0,1.1084,1.10848
EUR_USD,1640000101.0,1.10835,1.10843
EUR_USD,1640000102.0,1.10865,1.10873
EUR_USD,1640000103.0,1.1087,1.10878
EUR_USD,1640000104.0,1.10878,1.10886
EUR_USD,1640000105.0,1.10901,1.10909
EUR_USD,1640000106.0,1.1091,1.10918
EUR_USD,1640000107.0,1.10927,1.10935
EUR_USD,1640000108.0,1.10927,1.10935
EUR_USD,1640000109.0,1.10927,1.10935
EUR_USD,1640000110.0,1.1094,1.10948
EUR_USD,1640000111.0,1.10949,1.10957
EUR_USD,1640000112.0,1.10948,1.10956
EUR_USD,1640000113.0,1.10956,1.10964
EUR_USD,1640000114.0,1.10964,1.10972
EUR_USD,1640000115.0,1.10963,1.10971
EUR_USD,1640000116.0,1.1096,1.10968
EUR_USD,1640000117.0,1.10972,1.1098
EUR_USD,1640000118.0,1.10959,1.10967
EUR_USD,1640000119.0,1.10979,1.10987
EUR_USD,1640000120.0,1.10979,1.10987
EUR_USD,1640000121.0,1.10993,1.11001
EUR_USD,1640000122.0,1.11002,1.1101
EUR_USD,1640000123.0,1.11015,1.11023
EUR_USD,1640000124.0,1.11013,1.11021
EUR_USD,1640000125.0,1.11018,1.11026
EUR_USD,1640000126.0,1.11025,1.11033
EUR_USD,1640000127.0,1.11058,1.11066
EUR_USD,1640000128.0,1.11069,1.11077
EUR_USD,1640000129.0,1.11095,1.11103
EUR_USD,1640000130.0,1.11115,1.11123
EUR_USD,1640000131.0,1.11122,1.1113
EUR_USD,1640000132.0,1.11124,1.11132
EUR_USD,1640000133.0,1.1114,1.11148
EUR_USD,1640000134.0,1.11141,1.11149
EUR_USD,1640000135.0,1.11144,1.11152
EUR_USD,1640000136.0,1.11155,1.11163
EUR_USD,1640000137.0,1.11173,1.11181
EUR_USD,1640000138.0,1.11194,1.11202
EUR_USD,1640000139.0,1.11223,1.11231
EUR_USD,1640000140.0,1.11242,1.1125
EUR_USD,1640000141.0,1.11234,1.11242
EUR_USD,1640000142.0,1.11272,1.1128
EUR_USD,1640000143.0,1.11308,1.11316
EUR_USD,1640000144.0,1.11304,1.11312
EUR_USD,1640000145.0,1.11303,1.11311
EUR_USD,1640000146.0,1.11298,1.11306
EUR_USD,1640000147.0,1.11293,1.11301
EUR_USD,1640000148.0,1.11323,1.11331
EUR_USD,1640000149.0,1.11313,1.11321
EUR_USD,1640000150.0,1.11317,1.11325
EUR_USD,1640000151.0,1.11325,1.11333
EUR_USD,1640000152.0,1.11328,1.11336
EUR_USD,1640000153.0,1.11341,1.11349
EUR_USD,1640000154.0,1.11338,1.11346
EUR_USD,1640000155.0,1.11361,1.11369
EUR_USD,1640000156.0,1.11365,1.11373
EUR_USD,1640000157.0,1.11377,1.11385
EUR_USD,1640000158.0,1.11396,1.11404
EUR_USD,1640000159.0,1.11412,1.1142
EUR_USD,1640000160.0,1.11419,1.11427
EUR_USD,1640000161.0,1.11462,1.1147
EUR_USD,1640000162.0,1.11478,1.11486
EUR_USD,1640000163.0,1.1148,1.11488
EUR_USD,1640000164.0,1.11507,1.11515
EUR_USD,1640000165.0,1.11531,1.11539
EUR_USD,1640000166.0,1.11537,1.11545
EUR_USD,1640000167.0,1.11548,1.11556
EUR_USD,1640000168.0,1.11573,1.11581
EUR_USD,1640000169.0,1.11579,1.11587
EUR_USD,1640000170.0,1.11591,1.11599
EUR_USD,1640000171.0,1.11626,1.11634
EUR_USD,1640000172.0,1.1163,1.11638
EUR_USD,1640000173.0,1.11629,1.11637
EUR_USD,1640000174.0,1.11624,1.11632
EUR_USD,1640000175.0,1.11614,1.11622
EUR_USD,1640000176.0,1.1162,1.11628
EUR_USD,1640000177.0,1.11638,1.11646
EUR_USD,1640000178.0,1.11645,1.11653
EUR_USD,1640000179.0,1.11672,1.1168
EUR_USD,1640000180.0,1.11696,1.11704
EUR_USD,1640000181.0,1.11699,1.11707
EUR_USD,1640000182.0,1.11698,1.11706
EUR_USD,1640000183.0,1.11729,1.11737
EUR_USD,1640000184.0,1.11755,1.11763
EUR_USD,1640000185.0,1.11791,1.11799
EUR_USD,1640000186.0,1.11777,1.11785
EUR_USD,1640000187.0,1.11773,1.11781
EUR_USD,1640000188.0,1.11786,1.11794
EUR_USD,1640000189.0,1.11807,1.11815
EUR_USD,1640000190.0,1.11807,1.11815
EUR_USD,1640000191.0,1.11802,1.1181
EUR_USD,1640000192.0,1.11808,1.11816
EUR_USD,1640000193.0,1.11796,1.11804
EUR_USD,1640000194.0,1.11788,1.11796
EUR_USD,1640000195.0,1.11801,1.11809
EUR_USD,1640000196.0,1.11797,1.11805
EUR_USD,1640000197.0,1.11816,1.11824
EUR_USD,1640000198.0,1.11817,1.11825
EUR_USD,1640000199.0,1.11804,1.11812
EUR_USD,1640000200.0,1.11819,1.11827
EUR_USD,1640000201.0,1.11836,1.11844
EUR_USD,1640000202.0,1.11839,1.11847
EUR_USD,1640000203.0,1.11851,1.11859
EUR_USD,1640000204.0,1.11871,1.11879
EUR_USD,1640000205.0,1.11882,1.1189
EUR_USD,1640000206.0,1.11889,1.11897
EUR_USD,1640000207.0,1.1189,1.11898
EUR_USD,1640000208.0,1.11899,1.11907
EUR_USD,1640000209.0,1.11916,1.11924
EUR_USD,1640000210.0,1.11927,1.11935
EUR_USD,1640000211.0,1.11943,1.11951
EUR_USD,1640000212.0,1.11969,1.11977
EUR_USD,1640000213.0,1.11991,1.11999
EUR_USD,1640000214.0,1.12006,1.12014
EUR_USD,1640000215.0,1.12012,1.1202
EUR_USD,1640000216.0,1.12019,1.12027
EUR_USD,1640000217.0,1.1203,1.12038
EUR_USD,1640000218.0,1.12048,1.12056
EUR_USD,1640000219.0,1.12043,1.12051
EUR_USD,1640000220.0,1.12038,1.12046
EUR_USD,1640000221.0,1.12045,1.12053
EUR_USD,1640000222.0,1.12045,1.12053
EUR_USD,1640000223.0,1.12064,1.12072
EUR_USD,1640000224.0,1.12065,1.12073
EUR_USD,1640000225.0,1.1209,1.12098
EUR_USD,1640000226.0,1.12113,1.12121
EUR_USD,1640000227.0,1.12125,1.12133
EUR_USD,1640000228.0,1.12129,1.12137
EUR_USD,1640000229.0,1.12129,1.12137
EUR_USD,1640000230.0,1.1215,1.12158
EUR_USD,1640000231.0,1.12152,1.1216
EUR_USD,1640000232.0,1.12171,1.12179
EUR_USD,1640000233.0,1.1218,1.12188
EUR_USD,1640000234.0,1.12182,1.1219
EUR_USD,1640000235.0,1.12179,1.12187
EUR_USD,1640000236.0,1.12191,1.12199
EUR_USD,1640000237.0,1.122,1.12208
EUR_USD,1640000238.0,1.12185,1.12193
EUR_USD,1640000239.0,1.12209,1.12217
EUR_USD,1640000240.0,1.1223,1.12238
EUR_USD,1640000241.0,1.12268,1.12276
EUR_USD,1640000242.0,1.12275,1.12283
EUR_USD,1640000243.0,1.1228,1.12288
EUR_USD,1640000244.0,1.12273,1.12281
EUR_USD,1640000245.0,1.12303,1.12311
EUR_USD,1640000246.0,1.12308,1.12316
EUR_USD,1640000247.0,1.12314,1.12322
EUR_USD,1640000248.0,1.12332,1.1234
EUR_USD,1640000249.0,1.1235,1.12358
EUR_USD,1640000250.0,1.12372,1.1238
EUR_USD,1640000251.0,1.12406,1.12414
EUR_USD,1640000252.0,1.12436,1.12444
EUR_USD,1640000253.0,1.12446,1.12454
EUR_USD,1640000254.0,1.12454,1.12462
EUR_USD,1640000255.0,1.12447,1.12455
EUR_USD,1640000256.0,1.12431,1.12439
EUR_USD,1640000257.0,1.12441,1.12449
EUR_USD,1640000258.0,1.12454,1.12462
EUR_USD,1640000259.0,1.12451,1.12459
EUR_USD,1640000260.0,1.1246,1.12468
EUR_USD,1640000261.0,1.12449,1.12457
EUR_USD,1640000262.0,1.12449,1.12457
EUR_USD,1640000263.0,1.12434,1.12442
EUR_USD,1640000264.0,1.12463,1.12471
EUR_USD,1640000265.0,1.12487,1.12495
EUR_USD,1640000266.0,1.12475,1.12483
EUR_USD,1640000267.0,1.12479,1.12487
EUR_USD,1640000268.0,1.12496,1.12504
EUR_USD,1640000269.0,1.12535,1.12543
EUR_USD,1640000270.0,1.12562,1.1257
EUR_USD,1640000271.0,1.12573,1.12581
EUR_USD,1640000272.0,1.12614,1.12622
EUR_USD,1640000273.0,1.12618,1.12626
EUR_USD,1640000274.0,1.12637,1.12645
EUR_USD,1640000275.0,1.1263,1.12638
EUR_USD,1640000276.0,1.12614,1.12622
EUR_USD,1640000277.0,1.1262,1.12628
EUR_USD,1640000278.0,1.12638,1.12646
EUR_USD,1640000279.0,1.12661,1.12669
EUR_USD,1640000280.0,1.12654,1.12662
EUR_USD,1640000281.0,1.12682,1.1269
EUR_USD,1640000282.0,1.12697,1.12705
EUR_USD,1640000283.0,1.12706,1.12714
EUR_USD,1640000284.0,1.12708,1.12716
EUR_USD,1640000285.0,1.12719,1.12727
EUR_USD,1640000286.0,1.12714,1.12722
EUR_USD,1640000287.0,1.12718,1.12726
EUR_USD,1640000288.0,1.12723,1.12731
EUR_USD,1640000289.0,1.12724,1.12732
EUR_USD,1640000290.0,1.12727,1.12735
EUR_USD,1640000291.0,1.12754,1.12762
EUR_USD,1640000292.0,1.12734,1.12742
EUR_USD,1640000293.0,1.12745,1.12753
EUR_USD,1640000294.0,1.1273,1.12738
EUR_USD,1640000295.0,1.12747,1.12755
EUR_USD,1640000296.0,1.12752,1.1276
EUR_USD,1640000297.0,1.12773,1.12781
EUR_USD,1640000298.0,1.12784,1.12792
EUR_USD,1640000299.0,1.1278,1.12788
EUR_USD,1640000300.0,1.12768,1.12776
EUR_USD,1640000301.0,1.12774,1.12782
EUR_USD,1640000302.0,1.12781,1.12789
EUR_USD,1640000303.0,1.12795,1.12803
EUR_USD,1640000304.0,1.12783,1.12791
EUR_USD,1640000305.0,1.1277,1.12778
EUR_USD,1640000306.0,1.12786,1.12794
EUR_USD,1640000307.0,1.1279,1.12798
EUR_USD,1640000308.0,1.12813,1.12821
EUR_USD,1640000309.0,1.1284,1.12848
EUR_USD,1640000310.0,1.12844,1.12852
EUR_USD,1640000311.0,1.12856,1.12864
EUR_USD,1640000312.0,1.12857,1.12865
EUR_USD,1640000313.0,1.12873,1.12881
EUR_USD,1640000314.0,1.12888,1.12896
EUR_USD,1640000315.0,1.1289,1.12898
EUR_USD,1640000316.0,1.12913,1.12921
EUR_USD,1640000317.0,1.12941,1.12949
EUR_USD,1640000318.0,1.12934,1.12942
EUR_USD,1640000319.0,1.12926,1.12934
EUR_USD,1640000320.0,1.12963,1.12971
EUR_USD,1640000321.0,1.12992,1.13
EUR_USD,1640000322.0,1.1298,1.12988
EUR_USD,1640000323.0,1.12983,1.12991
EUR_USD,1640000324.0,1.13008,1.13016
EUR_USD,1640000325.0,1.13027,1.13035
EUR_USD,1640000326.0,1.13052,1.1306
EUR_USD,1640000327.0,1.13064,1.13072
EUR_USD,1640000328.0,1.13069,1.13077
EUR_USD,1640000329.0,1.13091,1.13099
EUR_USD,1640000330.0,1.13108,1.13116
EUR_USD,1640000331.0,1.13139,1.13147
EUR_USD,1640000332.0,1.13147,1.13155
EUR_USD,1640000333.0,1.13152,1.1316
EUR_USD,1640000334.0,1.13175,1.13183
EUR_USD,1640000335.0,1.13182,1.1319
EUR_USD,1640000336.0,1.13159,1.13167
EUR_USD,1640000337.0,1.13173,1.13181
EUR_USD,1640000338.0,1.13198,1.13206
EUR_USD,1640000339.0,1.13217,1.13225
EUR_USD,1640000340.0,1.13227,1.13235
EUR_USD,1640000341.0,1.13247,1.13255
EUR_USD,1640000342.0,1.13272,1.1328
EUR_USD,1640000343.0,1.13282,1.1329
EUR_USD,1640000344.0,1.13283,1.13291
EUR_USD,1640000345.0,1.13291,1.13299
EUR_USD,1640000346.0,1.13314,1.13322
EUR_USD,1640000347.0,1.13313,1.13321
EUR_USD,1640000348.0,1.13337,1.13345
EUR_USD,1640000349.0,1.13333,1.13341
EUR_USD,1640000350.0,1.13373,1.13381
EUR_USD,1640000351.0,1.13386,1.13394
EUR_USD,1640000352.0,1.13405,1.13413
EUR_USD,1640000353.0,1.13421,1.13429
EUR_USD,1640000354.0,1.13449,1.13457
EUR_USD,1640000355.0,1.13465,1.13473
EUR_USD,1640000356.0,1.13452,1.1346
EUR_USD,1640000357.0,1.13443,1.13451
EUR_USD,1640000358.0,1.13454,1.13462
EUR_USD,1640000359.0,1.13462,1.1347
EUR_USD,1640000360.0,1.13488,1.13496
EUR_USD,1640000361.0,1.13489,1.13497
EUR_USD,1640000362.0,1.13489,1.13497
EUR_USD,1640000363.0,1.13511,1.13519
EUR_USD,1640000364.0,1.13529,1.13537
EUR_USD,1640000365.0,1.13563,1.13571
EUR_USD,1640000366.0,1.13568,1.13576
EUR_USD,1640000367.0,1.13588,1.13596
EUR_USD,1640000368.0,1.13604,1.13612
EUR_USD,1640000369.0,1.13606,1.13614
EUR_USD,1640000370.0,1.13612,1.1362
EUR_USD,1640000371.0,1.13601,1.13609
EUR_USD,1640000372.0,1.13623,1.13631
EUR_USD,1640000373.0,1.13631,1.13639
EUR_USD,1640000374.0,1.13651,1.13659
EUR_USD,1640000375.0,1.13633,1.13641
EUR_USD,1640000376.0,1.13638,1.13646
EUR_USD,1640000377.0,1.13653,1.13661
EUR_USD,1640000378.0,1.13652,1.1366
EUR_USD,1640000379.0,1.13673,1.13681
EUR_USD,1640000380.0,1.13691,1.13699
EUR_USD,1640000381.0,1.13683,1.13691
EUR_USD,1640000382.0,1.13698,1.13706
EUR_USD,1640000383.0,1.13704,1.13712
EUR_USD,1640000384.0,1.13731,1.13739
EUR_USD,1640000385.0,1.13757,1.13765
EUR_USD,1640000386.0,1.1376,1.13768
EUR_USD,1640000387.0,1.13763,1.13771
EUR_USD,1640000388.0,1.1377,1.13778
EUR_USD,1640000389.0,1.13799,1.13807
EUR_USD,1640000390.0,1.13801,1.13809
EUR_USD,1640000391.0,1.13804,1.13812
EUR_USD,1640000392.0,1.13802,1.1381
EUR_USD,1640000393.0,1.13817,1.13825
EUR_USD,1640000394.0,1.13831,1.13839
EUR_USD,1640000395.0,1.13837,1.13845
EUR_USD,1640000396.0,1.13838,1.13846
EUR_USD,1640000397.0,1.13833,1.13841
EUR_USD,1640000398.0,1.13835,1.13843
EUR_USD,1640000399.0,1.13826,1.13834
EUR_USD,1640000400.0,1.1384,1.13848
EUR_USD,1640000401.0,1.13844,1.13852
EUR_USD,1640000402.0,1.13852,1.1386
EUR_USD,1640000403.0,1.13825,1.13833
EUR_USD,1640000404.0,1.13851,1.13859
EUR_USD,1640000405.0,1.13868,1.13876
EUR_USD,1640000406.0,1.13884,1.13892
EUR_USD,1640000407.0,1.13886,1.13894
EUR_USD,1640000408.0,1.13886,1.13894
EUR_USD,1640000409.0,1.13907,1.13915
EUR_USD,1640000410.0,1.13901,1.13909
EUR_USD,1640000411.0,1.13911,1.13919
EUR_USD,1640000412.0,1.13907,1.13915
EUR_USD,1640000413.0,1.13925,1.13933
EUR_USD,1640000414.0,1.13932,1.1394
EUR_USD,1640000415.0,1.13927,1.13935
EUR_USD,1640000416.0,1.13952,1.1396
EUR_USD,1640000417.0,1.13983,1.13991
EUR_USD,1640000418.0,1.13993,1.14001
EUR_USD,1640000419.0,1.14032,1.1404
EUR_USD,1640000420.0,1.14021,1.14029
EUR_USD,1640000421.0,1.1401,1.14018
EUR_USD,1640000422.0,1.14034,1.14042
EUR_USD,1640000423.0,1.14034,1.14042
EUR_USD,1640000424.0,1.14025,1.14033
EUR_USD,1640000425.0,1.1404,1.14048
EUR_USD,1640000426.0,1.14033,1.14041
EUR_USD,1640000427.0,1.14016,1.14024
EUR_USD,1640000428.0,1.14031,1.14039
EUR_USD,1640000429.0,1.14032,1.1404
EUR_USD,1640000430.0,1.14046,1.14054
EUR_USD,1640000431.0,1.14062,1.1407
EUR_USD,1640000432.0,1.14048,1.14056
EUR_USD,1640000433.0,1.14056,1.14064
EUR_USD,1640000434.0,1.14076,1.14084
EUR_USD,1640000435.0,1.14098,1.14106
EUR_USD,1640000436.0,1.14091,1.14099
EUR_USD,1640000437.0,1.14096,1.14104
EUR_USD,1640000438.0,1.14103,1.14111
EUR_USD,1640000439.0,1.14126,1.14134
EUR_USD,1640000440.0,1.14125,1.14133
EUR_USD,1640000441.0,1.1414,1.14148
EUR_USD,1640000442.0,1.14141,1.14149
EUR_USD,1640000443.0,1.1416,1.14168
EUR_USD,1640000444.0,1.14169,1.14177
EUR_USD,1640000445.0,1.14171,1.14179
EUR_USD,1640000446.0,1.14209,1.14217
EUR_USD,1640000447.0,1.14215,1.14223
EUR_USD,1640000448.0,1.14218,1.14226
EUR_USD,1640000449.0,1.14223,1.14231
EUR_USD,1640000450.0,1.14228,1.14236
EUR_USD,1640000451.0,1.14218,1.14226
EUR_USD,1640000452.0,1.14215,1.14223
EUR_USD,1640000453.0,1.14238,1.14246
EUR_USD,1640000454.0,1.14268,1.14276
EUR_USD,1640000455.0,1.14245,1.14253
EUR_USD,1640000456.0,1.14263,1.14271
EUR_USD,1640000457.0,1.14263,1.14271
EUR_USD,1640000458.0,1.14289,1.14297
EUR_USD,1640000459.0,1.14296,1.14304
EUR_USD,1640000460.0,1.14309,1.14317
EUR_USD,1640000461.0,1.14326,1.14334
EUR_USD,1640000462.0,1.14312,1.1432
EUR_USD,1640000463.0,1.14327,1.14335
EUR_USD,1640000464.0,1.14345,1.14353
EUR_USD,1640000465.0,1.14354,1.14362
EUR_USD,1640000466.0,1.14395,1.14403
EUR_USD,1640000467.0,1.14403,1.14411
EUR_USD,1640000468.0,1.14405,1.14413
EUR_USD,1640000469.0,1.14407,1.14415
EUR_USD,1640000470.0,1.14411,1.14419
EUR_USD,1640000471.0,1.14416,1.14424
EUR_USD,1640000472.0,1.14424,1.14432
EUR_USD,1640000473.0,1.14419,1.14427
EUR_USD,1640000474.0,1.1442,1.14428
EUR_USD,1640000475.0,1.14422,1.1443
EUR_USD,1640000476.0,1.14428,1.14436
EUR_USD,1640000477.0,1.14421,1.14429
EUR_USD,1640000478.0,1.14439,1.14447
EUR_USD,1640000479.0,1.1444,1.14448
EUR_USD,1640000480.0,1.14437,1.14445
EUR_USD,1640000481.0,1.14459,1.14467
EUR_USD,1640000482.0,1.14464,1.14472
EUR_USD,1640000483.0,1.14467,1.14475
EUR_USD,1640000484.0,1.1446,1.14468
EUR_USD,1640000485.0,1.1447,1.14478
EUR_USD,1640000486.0,1.14484,1.14492
EUR_USD,1640000487.0,1.14482,1.1449
EUR_USD,1640000488.0,1.14493,1.14501
EUR_USD,1640000489.0,1.14498,1.14506
EUR_USD,1640000490.0,1.14494,1.14502
EUR_USD,1640000491.0,1.14519,1.14527
EUR_USD,1640000492.0,1.14498,1.14506
EUR_USD,1640000493.0,1.14496,1.14504
EUR_USD,1640000494.0,1.14495,1.14503
EUR_USD,1640000495.0,1.14512,1.1452
EUR_USD,1640000496.0,1.14534,1.14542
EUR_USD,1640000497.0,1.14555,1.14563
EUR_USD,1640000498.0,1.14557,1.14565
EUR_USD,1640000499.0,1.14573,1.14581
EUR_USD,1640000500.0,1.14571,1.14579
EUR_USD,1640000501.0,1.14589,1.14597
EUR_USD,1640000502.0,1.14607,1.14615
EUR_USD,1640000503.0,1.14613,1.14621
EUR_USD,1640000504.0,1.14608,1.14616
EUR_USD,1640000505.0,1.14613,1.14621
EUR_USD,1640000506.0,1.14622,1.1463
EUR_USD,1640000507.0,1.14614,1.14622
EUR_USD,1640000508.0,1.14616,1.14624
EUR_USD,1640000509.0,1.14631,1.14639
EUR_USD,1640000510.0,1.1462,1.14628
EUR_USD,1640000511.0,1.1463,1.14638
EUR_USD,1640000512.0,1.14628,1.14636
EUR_USD,1640000513.0,1.14618,1.14626
EUR_USD,1640000514.0,1.14626,1.14634
EUR_USD,1640000515.0,1.14631,1.14639
EUR_USD,1640000516.0,1.14657,1.14665
EUR_USD,1640000517.0,1.14679,1.14687
EUR_USD,1640000518.0,1.14689,1.14697
EUR_USD,1640000519.0,1.14704,1.14712
EUR_USD,1640000520.0,1.14723,1.14731
EUR_USD,1640000521.0,1.14711,1.14719
EUR_USD,1640000522.0,1.14692,1.147
EUR_USD,1640000523.0,1.14717,1.14725
EUR_USD,1640000524.0,1.1474,1.14748
EUR_USD,1640000525.0,1.14747,1.14755
EUR_USD,1640000526.0,1.14749,1.14757
EUR_USD,1640000527.0,1.14758,1.14766
EUR_USD,1640000528.0,1.14769,1.14777
EUR_USD,1640000529.0,1.14788,1.14796
EUR_USD,1640000530.0,1.148,1.14808
EUR_USD,1640000531.0,1.14829,1.14837
EUR_USD,1640000532.0,1.14833,1.14841
EUR_USD,1640000533.0,1.14829,1.14837
EUR_USD,1640000534.0,1.1482,1.14828
EUR_USD,1640000535.0,1.14813,1.14821
EUR_USD,1640000536.0,1.14819,1.14827
EUR_USD,1640000537.0,1.14831,1.14839
EUR_USD,1640000538.0,1.14856,1.14864
EUR_USD,1640000539.0,1.14862,1.1487
EUR_USD,1640000540.0,1.14863,1.14871
EUR_USD,1640000541.0,1.14867,1.14875
EUR_USD,1640000542.0,1.14877,1.14885
EUR_USD,1640000543.0,1.14897,1.14905
EUR_USD,1640000544.0,1.1488,1.14888
EUR_USD,1640000545.0,1.14901,1.14909
EUR_USD,1640000546.0,1.14904,1.14912
EUR_USD,1640000547.0,1.14939,1.14947
EUR_USD,1640000548.0,1.14956,1.14964
EUR_USD,1640000549.0,1.14981,1.14989
EUR_USD,1640000550.0,1.1499,1.14998
EUR_USD,1640000551.0,1.15008,1.15016
EUR_USD,1640000552.0,1.15025,1.15033
EUR_USD,1640000553.0,1.15056,1.15064
EUR_USD,1640000554.0,1.15083,1.15091
EUR_USD,1640000555.0,1.15085,1.15093
EUR_USD,1640000556.0,1.15079,1.15087
EUR_USD,1640000557.0,1.15086,1.15094
EUR_USD,1640000558.0,1.15102,1.1511
EUR_USD,1640000559.0,1.15116,1.15124
EUR_USD,1640000560.0,1.1517,1.15178
EUR_USD,1640000561.0,1.15176,1.15184
EUR_USD,1640000562.0,1.15195,1.15203
EUR_USD,1640000563.0,1.15214,1.15222
EUR_USD,1640000564.0,1.15219,1.15227
EUR_USD,1640000565.0,1.15235,1.15243
EUR_USD,1640000566.0,1.15224,1.15232
EUR_USD,1640000567.0,1.15218,1.15226
EUR_USD,1640000568.0,1.15234,1.15242
EUR_USD,1640000569.0,1.15231,1.15239
EUR_USD,1640000570.0,1.15243,1.15251
EUR_USD,1640000571.0,1.1526,1.15268
EUR_USD,1640000572.0,1.15262,1.1527
EUR_USD,1640000573.0,1.15286,1.15294
EUR_USD,1640000574.0,1.15295,1.15303
EUR_USD,1640000575.0,1.15305,1.15313
EUR_USD,1640000576.0,1.15312,1.1532
EUR_USD,1640000577.0,1.15312,1.1532
EUR_USD,1640000578.0,1.15318,1.15326
EUR_USD,1640000579.0,1.15326,1.15334
EUR_USD,1640000580.0,1.1534,1.15348
EUR_USD,1640000581.0,1.15347,1.15355
EUR_USD,1640000582.0,1.1538,1.15388
EUR_USD,1640000583.0,1.15388,1.15396
EUR_USD,1640000584.0,1.15386,1.15394
EUR_USD,1640000585.0,1.15391,1.15399
EUR_USD,1640000586.0,1.15392,1.154
EUR_USD,1640000587.0,1.15422,1.1543
EUR_USD,1640000588.0,1.1543,1.15438
EUR_USD,1640000589.0,1.15455,1.15463
EUR_USD,1640000590.0,1.15466,1.15474
EUR_USD,1640000591.0,1.15468,1.15476
EUR_USD,1640000592.0,1.15488,1.15496
EUR_USD,1640000593.0,1.15517,1.15525
EUR_USD,1640000594.0,1.1554,1.15548
EUR_USD,1640000595.0,1.15565,1.15573
EUR_USD,1640000596.0,1.15567,1.15575
EUR_USD,1640000597.0,1.15589,1.15597
EUR_USD,1640000598.0,1.15604,1.15612
EUR_USD,1640000599.0,1.15596,1.15604
EUR_USD,1640000600.0,1.156,1.15608
EUR_USD,1640000601.0,1.15594,1.15602
EUR_USD,1640000602.0,1.156,1.15608
EUR_USD,1640000603.0,1.15648,1.15656
EUR_USD,1640000604.0,1.15628,1.15636
EUR_USD,1640000605.0,1.1568,1.15688
EUR_USD,1640000606.0,1.15682,1.1569
EUR_USD,1640000607.0,1.15726,1.15734
EUR_USD,1640000608.0,1.15758,1.15766
EUR_USD,1640000609.0,1.15837,1.15845
EUR_USD,1640000610.0,1.15895,1.15903
EUR_USD,1640000611.0,1.15903,1.15911
EUR_USD,1640000612.0,1.15928,1.15936
EUR_USD,1640000613.0,1.15899,1.15907
EUR_USD,1640000614.0,1.15875,1.15883
EUR_USD,1640000615.0,1.15841,1.15849
EUR_USD,1640000616.0,1.15832,1.1584
EUR_USD,1640000617.0,1.15878,1.15886
EUR_USD,1640000618.0,1.15909,1.15917
EUR_USD,1640000619.0,1.15911,1.15919
EUR_USD,1640000620.0,1.15881,1.15889
EUR_USD,1640000621.0,1.15861,1.15869
EUR_USD,1640000622.0,1.15954,1.15962
EUR_USD,1640000623.0,1.15961,1.15969
EUR_USD,1640000624.0,1.15972,1.1598
EUR_USD,1640000625.0,1.16062,1.1607
EUR_USD,1640000626.0,1.16064,1.16072
EUR_USD,1640000627.0,1.16015,1.16023
EUR_USD,1640000628.0,1.16005,1.16013
EUR_USD,1640000629.0,1.16065,1.16073
EUR_USD,1640000630.0,1.16076,1.16084
EUR_USD,1640000631.0,1.16017,1.16025
EUR_USD,1640000632.0,1.15974,1.15982
EUR_USD,1640000633.0,1.16012,1.1602
EUR_USD,1640000634.0,1.16049,1.16057
EUR_USD,1640000635.0,1.16064,1.16072
EUR_USD,1640000636.0,1.16105,1.16113
EUR_USD,1640000637.0,1.1612,1.16128
EUR_USD,1640000638.0,1.16048,1.16056
EUR_USD,1640000639.0,1.16086,1.16094
EUR_USD,1640000640.0,1.1609,1.16098
EUR_USD,1640000641.0,1.16141,1.16149
EUR_USD,1640000642.0,1.16139,1.16147
EUR_USD,1640000643.0,1.16204,1.16212
EUR_USD,1640000644.0,1.16239,1.16247
EUR_USD,1640000645.0,1.16284,1.16292
EUR_USD,1640000646.0,1.16238,1.16246
EUR_USD,1640000647.0,1.16228,1.16236
EUR_USD,1640000648.0,1.16228,1.16236
EUR_USD,1640000649.0,1.16257,1.16265
EUR_USD,1640000650.0,1.16311,1.16319
EUR_USD,1640000651.0,1.16361,1.16369
EUR_USD,1640000652.0,1.1632,1.16328
EUR_USD,1640000653.0,1.16341,1.16349
EUR_USD,1640000654.0,1.16358,1.16366
EUR_USD,1640000655.0,1.16403,1.16411
EUR_USD,1640000656.0,1.16423,1.16431
EUR_USD,1640000657.0,1.16379,1.16387
EUR_USD,1640000658.0,1.16332,1.1634
EUR_USD,1640000659.0,1.1631,1.16318
EUR_USD,1640000660.0,1.16257,1.16265
EUR_USD,1640000661.0,1.1629,1.16298
EUR_USD,1640000662.0,1.16317,1.16325
EUR_USD,1640000663.0,1.1626,1.16268
EUR_USD,1640000664.0,1.1626,1.16268
EUR_USD,1640000665.0,1.16313,1.16321
EUR_USD,1640000666.0,1.16328,1.16336
EUR_USD,1640000667.0,1.16334,1.16342
EUR_USD,1640000668.0,1.16326,1.16334
EUR_USD,1640000669.0,1.16326,1.16334
EUR_USD,1640000670.0,1.16322,1.1633
EUR_USD,1640000671.0,1.16359,1.16367
EUR_USD,1640000672.0,1.16399,1.16407
EUR_USD,1640000673.0,1.16385,1.16393
EUR_USD,1640000674.0,1.16389,1.16397
EUR_USD,1640000675.0,1.16393,1.16401
EUR_USD,1640000676.0,1.1637,1.16378
EUR_USD,1640000677.0,1.16402,1.1641
EUR_USD,1640000678.0,1.16465,1.16473
EUR_USD,1640000679.0,1.16496,1.16504
EUR_USD,1640000680.0,1.16556,1.16564
EUR_USD,1640000681.0,1.16595,1.16603
EUR_USD,1640000682.0,1.16625,1.16633
EUR_USD,1640000683.0,1.16569,1.16577
EUR_USD,1640000684.0,1.16585,1.16593
EUR_USD,1640000685.0,1.16611,1.16619
EUR_USD,1640000686.0,1.16671,1.16679
EUR_USD,1640000687.0,1.16609,1.16617
EUR_USD,1640000688.0,1.16667,1.16675
EUR_USD,1640000689.0,1.16635,1.16643
EUR_USD,1640000690.0,1.16625,1.16633
EUR_USD,1640000691.0,1.16665,1.16673
EUR_USD,1640000692.0,1.1667,1.16678
EUR_USD,1640000693.0,1.16735,1.16743
EUR_USD,1640000694.0,1.16707,1.16715
EUR_USD,1640000695.0,1.16723,1.16731
EUR_USD,1640000696.0,1.16732,1.1674
EUR_USD,1640000697.0,1.16765,1.16773
EUR_USD,1640000698.0,1.16842,1.1685
EUR_USD,1640000699.0,1.16846,1.16854
EUR_USD,1640000700.0,1.16875,1.16883
EUR_USD,1640000701.0,1.16853,1.16861
EUR_USD,1640000702.0,1.1681,1.16818
EUR_USD,1640000703.0,1.16794,1.16802
EUR_USD,1640000704.0,1.168,1.16808
EUR_USD,1640000705.0,1.16754,1.16762
EUR_USD,1640000706.0,1.1677,1.16778
EUR_USD,1640000707.0,1.16722,1.1673
EUR_USD,1640000708.0,1.16689,1.16697
EUR_USD,1640000709.0,1.16692,1.167
EUR_USD,1640000710.0,1.16706,1.16714
EUR_USD,1640000711.0,1.1671,1.16718
EUR_USD,1640000712.0,1.16682,1.1669
EUR_USD,1640000713.0,1.16627,1.16635
EUR_USD,1640000714.0,1.16591,1.16599
EUR_USD,1640000715.0,1.16585,1.16593
EUR_USD,1640000716.0,1.16539,1.16547
EUR_USD,1640000717.0,1.16515,1.16523
EUR_USD,1640000718.0,1.16577,1.16585
EUR_USD,1640000719.0,1.1659,1.16598
EUR_USD,1640000720.0,1.16569,1.16577
EUR_USD,1640000721.0,1.16568,1.16576
EUR_USD,1640000722.0,1.16502,1.1651
EUR_USD,1640000723.0,1.16519,1.16527
EUR_USD,1640000724.0,1.16531,1.16539
EUR_USD,1640000725.0,1.16512,1.1652
EUR_USD,1640000726.0,1.16555,1.16563
EUR_USD,1640000727.0,1.16565,1.16573
EUR_USD,1640000728.0,1.16563,1.16571
EUR_USD,1640000729.0,1.16555,1.16563
EUR_USD,1640000730.0,1.16545,1.16553
EUR_USD,1640000731.0,1.1651,1.16518
EUR_USD,1640000732.0,1.16499,1.16507
EUR_USD,1640000733.0,1.16514,1.16522
EUR_USD,1640000734.0,1.16551,1.16559
EUR_USD,1640000735.0,1.16533,1.16541
EUR_USD,1640000736.0,1.16588,1.16596
EUR_USD,1640000737.0,1.16615,1.16623
EUR_USD,1640000738.0,1.1663,1.16638
EUR_USD,1640000739.0,1.16641,1.16649
EUR_USD,1640000740.0,1.16699,1.16707
EUR_USD,1640000741.0,1.16722,1.1673
EUR_USD,1640000742.0,1.16701,1.16709
EUR_USD,1640000743.0,1.16694,1.16702
EUR_USD,1640000744.0,1.16789,1.16797
EUR_USD,1640000745.0,1.16811,1.16819
EUR_USD,1640000746.0,1.16855,1.16863
EUR_USD,1640000747.0,1.16911,1.16919
EUR_USD,1640000748.0,1.1692,1.16928
EUR_USD,1640000749.0,1.16982,1.1699
EUR_USD,1640000750.0,1.16977,1.16985
EUR_USD,1640000751.0,1.17033,1.17041
EUR_USD,1640000752.0,1.17044,1.17052
EUR_USD,1640000753.0,1.17055,1.17063
EUR_USD,1640000754.0,1.17024,1.17032
EUR_USD,1640000755.0,1.17062,1.1707
EUR_USD,1640000756.0,1.17025,1.17033
EUR_USD,1640000757.0,1.16952,1.1696
EUR_USD,1640000758.0,1.16997,1.17005
EUR_USD,1640000759.0,1.16952,1.1696
EUR_USD,1640000760.0,1.17017,1.17025
EUR_USD,1640000761.0,1.17008,1.17016
EUR_USD,1640000762.0,1.17001,1.17009
EUR_USD,1640000763.0,1.17069,1.17077
EUR_USD,1640000764.0,1.17117,1.17125
EUR_USD,1640000765.0,1.17141,1.17149
EUR_USD,1640000766.0,1.17267,1.17275
EUR_USD,1640000767.0,1.17287,1.17295
EUR_USD,1640000768.0,1.17288,1.17296
EUR_USD,1640000769.0,1.1724,1.17248
EUR_USD,1640000770.0,1.17269,1.17277
EUR_USD,1640000771.0,1.17288,1.17296
EUR_USD,1640000772.0,1.17293,1.17301
EUR_USD,1640000773.0,1.17302,1.1731
EUR_USD,1640000774.0,1.17301,1.17309
EUR_USD,1640000775.0,1.17308,1.17316
EUR_USD,1640000776.0,1.17303,1.17311
EUR_USD,1640000777.0,1.17346,1.17354
EUR_USD,1640000778.0,1.17294,1.17302
EUR_USD,1640000779.0,1.17265,1.17273
EUR_USD,1640000780.0,1.17252,1.1726
EUR_USD,1640000781.0,1.17288,1.17296
EUR_USD,1640000782.0,1.17282,1.1729
EUR_USD,1640000783.0,1.17308,1.17316
EUR_USD,1640000784.0,1.17345,1.17353
EUR_USD,1640000785.0,1.17362,1.1737
EUR_USD,1640000786.0,1.174,1.17408
EUR_USD,1640000787.0,1.17388,1.17396
EUR_USD,1640000788.0,1.17361,1.17369
EUR_USD,1640000789.0,1.17386,1.17394
EUR_USD,1640000790.0,1.17361,1.17369
EUR_USD,1640000791.0,1.17353,1.17361
EUR_USD,1640000792.0,1.17344,1.17352
EUR_USD,1640000793.0,1.17341,1.17349
EUR_USD,1640000794.0,1.17325,1.17333
EUR_USD,1640000795.0,1.17404,1.17412
EUR_USD,1640000796.0,1.17355,1.17363
EUR_USD,1640000797.0,1.17417,1.17425
EUR_USD,1640000798.0,1.17425,1.17433
EUR_USD,1640000799.0,1.17434,1.17442
EUR_USD,1640000800.0,1.17454,1.17462
EUR_USD,1640000801.0,1.17471,1.17479
EUR_USD,1640000802.0,1.1742,1.17428
EUR_USD,1640000803.0,1.17465,1.17473
EUR_USD,1640000804.0,1.17424,1.17432
EUR_USD,1640000805.0,1.17438,1.17446
EUR_USD,1640000806.0,1.17473,1.17481
EUR_USD,1640000807.0,1.17469,1.17477
EUR_USD,1640000808.0,1.17491,1.17499
EUR_USD,1640000809.0,1.17476,1.17484
EUR_USD,1640000810.0,1.17537,1.17545
EUR_USD,1640000811.0,1.17586,1.17594
EUR_USD,1640000812.0,1.17661,1.17669
EUR_USD,1640000813.0,1.17643,1.17651
EUR_USD,1640000814.0,1.17669,1.17677
EUR_USD,1640000815.0,1.17669,1.17677
EUR_USD,1640000816.0,1.17694,1.17702
EUR_USD,1640000817.0,1.17721,1.17729
EUR_USD,1640000818.0,1.17698,1.17706
EUR_USD,1640000819.0,1.17656,1.17664
EUR_USD,1640000820.0,1.17711,1.17719
EUR_USD,1640000821.0,1.17736,1.17744
EUR_USD,1640000822.0,1.17717,1.17725
EUR_USD,1640000823.0,1.17709,1.17717
EUR_USD,1640000824.0,1.17746,1.17754
EUR_USD,1640000825.0,1.17699,1.17707
EUR_USD,1640000826.0,1.17696,1.17704
EUR_USD,1640000827.0,1.17675,1.17683
EUR_USD,1640000828.0,1.17642,1.1765
EUR_USD,1640000829.0,1.17665,1.17673
EUR_USD,1640000830.0,1.1771,1.17718
EUR_USD,1640000831.0,1.17682,1.1769
EUR_USD,1640000832.0,1.17691,1.17699
EUR_USD,1640000833.0,1.17664,1.17672
EUR_USD,1640000834.0,1.17662,1.1767
EUR_USD,1640000835.0,1.17653,1.17661
EUR_USD,1640000836.0,1.17704,1.17712
EUR_USD,1640000837.0,1.17723,1.17731
EUR_USD,1640000838.0,1.17694,1.17702
EUR_USD,1640000839.0,1.17719,1.17727
EUR_USD,1640000840.0,1.17681,1.17689
EUR_USD,1640000841.0,1.17651,1.17659
EUR_USD,1640000842.0,1.17653,1.17661
EUR_USD,1640000843.0,1.17668,1.17676
EUR_USD,1640000844.0,1.17753,1.17761
EUR_USD,1640000845.0,1.17781,1.17789
EUR_USD,1640000846.0,1.17791,1.17799
EUR_USD,1640000847.0,1.17843,1.17851
EUR_USD,1640000848.0,1.17898,1.17906
EUR_USD,1640000849.0,1.17954,1.17962
EUR_USD,1640000850.0,1.1794,1.17948
EUR_USD,1640000851.0,1.17936,1.17944
EUR_USD,1640000852.0,1.17914,1.17922
EUR_USD,1640000853.0,1.17903,1.17911
EUR_USD,1640000854.0,1.17942,1.1795
EUR_USD,1640000855.0,1.17947,1.17955
EUR_USD,1640000856.0,1.17961,1.17969
EUR_USD,1640000857.0,1.17982,1.1799
EUR_USD,1640000858.0,1.17896,1.17904
EUR_USD,1640000859.0,1.17936,1.17944
EUR_USD,1640000860.0,1.17979,1.17987
EUR_USD,1640000861.0,1.18037,1.18045
EUR_USD,1640000862.0,1.18121,1.18129
EUR_USD,1640000863.0,1.18158,1.18166
EUR_USD,1640000864.0,1.18094,1.18102
EUR_USD,1640000865.0,1.18158,1.18166
EUR_USD,1640000866.0,1.18171,1.18179
EUR_USD,1640000867.0,1.18186,1.18194
EUR_USD,1640000868.0,1.18215,1.18223
EUR_USD,1640000869.0,1.18314,1.18322
EUR_USD,1640000870.0,1.18246,1.18254
EUR_USD,1640000871.0,1.1827,1.18278
EUR_USD,1640000872.0,1.18252,1.1826
EUR_USD,1640000873.0,1.18342,1.1835
EUR_USD,1640000874.0,1.18353,1.18361
EUR_USD,1640000875.0,1.1846,1.18468
EUR_USD,1640000876.0,1.18434,1.18442
EUR_USD,1640000877.0,1.18422,1.1843
EUR_USD,1640000878.0,1.18439,1.18447
EUR_USD,1640000879.0,1.18456,1.18464
EUR_USD,1640000880.0,1.18421,1.18429
EUR_USD,1640000881.0,1.1847,1.18478
EUR_USD,1640000882.0,1.18487,1.18495
EUR_USD,1640000883.0,1.18476,1.18484
EUR_USD,1640000884.0,1.18446,1.18454
EUR_USD,1640000885.0,1.18441,1.18449
EUR_USD,1640000886.0,1.18426,1.18434
EUR_USD,1640000887.0,1.18476,1.18484
EUR_USD,1640000888.0,1.18486,1.18494
EUR_USD,1640000889.0,1.18521,1.18529
EUR_USD,1640000890.0,1.18553,1.18561
EUR_USD,1640000891.0,1.18564,1.18572
EUR_USD,1640000892.0,1.18531,1.18539
EUR_USD,1640000893.0,1.18503,1.18511
EUR_USD,1640000894.0,1.18449,1.18457
EUR_USD,1640000895.0,1.18456,1.18464
EUR_USD,1640000896.0,1.18447,1.18455
EUR_USD,1640000897.0,1.1846,1.18468
EUR_USD,1640000898.0,1.18524,1.18532
EUR_USD,1640000899.0,1.18614,1.18622
EUR_USD,1640000900.0,1.18554,1.18562
EUR_USD,1640000901.0,1.18614,1.18622
EUR_USD,1640000902.0,1.18625,1.18633
EUR_USD,1640000903.0,1.18669,1.18677
EUR_USD,1640000904.0,1.18761,1.18769
EUR_USD,1640000905.0,1.18703,1.18711
EUR_USD,1640000906.0,1.18639,1.18647
EUR_USD,1640000907.0,1.18675,1.18683
EUR_USD,1640000908.0,1.18696,1.18704
EUR_USD,1640000909.0,1.18687,1.18695
EUR_USD,1640000910.0,1.18743,1.18751
EUR_USD,1640000911.0,1.18783,1.18791
EUR_USD,1640000912.0,1.1882,1.18828
EUR_USD,1640000913.0,1.1886,1.18868
EUR_USD,1640000914.0,1.18898,1.18906
EUR_USD,1640000915.0,1.18859,1.18867
EUR_USD,1640000916.0,1.18846,1.18854
EUR_USD,1640000917.0,1.1888,1.18888
EUR_USD,1640000918.0,1.18949,1.18957
EUR_USD,1640000919.0,1.18893,1.18901
EUR_USD,1640000920.0,1.18909,1.18917
EUR_USD,1640000921.0,1.18925,1.18933
EUR_USD,1640000922.0,1.1898,1.18988
EUR_USD,1640000923.0,1.18959,1.18967
EUR_USD,1640000924.0,1.1897,1.18978
EUR_USD,1640000925.0,1.18996,1.19004
EUR_USD,1640000926.0,1.18931,1.18939
EUR_USD,1640000927.0,1.1895,1.18958
EUR_USD,1640000928.0,1.18987,1.18995
EUR_USD,1640000929.0,1.1898,1.18988
EUR_USD,1640000930.0,1.19012,1.1902
EUR_USD,1640000931.0,1.18969,1.18977
EUR_USD,1640000932.0,1.19012,1.1902
EUR_USD,1640000933.0,1.18967,1.18975
EUR_USD,1640000934.0,1.19106,1.19114
EUR_USD,1640000935.0,1.19195,1.19203
EUR_USD,1640000936.0,1.19159,1.19167
EUR_USD,1640000937.0,1.19119,1.19127
EUR_USD,1640000938.0,1.19069,1.19077
EUR_USD,1640000939.0,1.19093,1.19101
EUR_USD,1640000940.0,1.19139,1.19147
EUR_USD,1640000941.0,1.19132,1.1914
EUR_USD,1640000942.0,1.19068,1.19076
EUR_USD,1640000943.0,1.1913,1.19138
EUR_USD,1640000944.0,1.19133,1.19141
EUR_USD,1640000945.0,1.19212,1.1922
EUR_USD,1640000946.0,1.19156,1.19164
EUR_USD,1640000947.0,1.19145,1.19153
EUR_USD,1640000948.0,1.19141,1.19149
EUR_USD,1640000949.0,1.19163,1.19171
EUR_USD,1640000950.0,1.19219,1.19227
EUR_USD,1640000951.0,1.19318,1.19326
EUR_USD,1640000952.0,1.19282,1.1929
EUR_USD,1640000953.0,1.19335,1.19343
EUR_USD,1640000954.0,1.19369,1.19377
EUR_USD,1640000955.0,1.19297,1.19305
EUR_USD,1640000956.0,1.19295,1.19303
EUR_USD,1640000957.0,1.1929,1.19298
EUR_USD,1640000958.0,1.19336,1.19344
EUR_USD,1640000959.0,1.19368,1.19376
EUR_USD,1640000960.0,1.19405,1.19413
EUR_USD,1640000961.0,1.19393,1.19401
EUR_USD,1640000962.0,1.19385,1.19393
EUR_USD,1640000963.0,1.19403,1.19411
EUR_USD,1640000964.0,1.19453,1.19461
EUR_USD,1640000965.0,1.19408,1.19416
EUR_USD,1640000966.0,1.19372,1.1938
EUR_USD,1640000967.0,1.19299,1.19307
EUR_USD,1640000968.0,1.19331,1.19339
EUR_USD,1640000969.0,1.19371,1.19379
EUR_USD,1640000970.0,1.19431,1.19439
EUR_USD,1640000971.0,1.19405,1.19413
EUR_USD,1640000972.0,1.19422,1.1943
EUR_USD,1640000973.0,1.19457,1.19465
EUR_USD,1640000974.0,1.19464,1.19472
EUR_USD,1640000975.0,1.1944,1.19448
EUR_USD,1640000976.0,1.19374,1.19382
EUR_USD,1640000977.0,1.19367,1.19375
EUR_USD,1640000978.0,1.19358,1.19366
EUR_USD,1640000979.0,1.19343,1.19351
EUR_USD,1640000980.0,1.19401,1.19409
EUR_USD,1640000981.0,1.19348,1.19356
EUR_USD,1640000982.0,1.19319,1.19327
EUR_USD,1640000983.0,1.1927,1.19278
EUR_USD,1640000984.0,1.19319,1.19327
EUR_USD,1640000985.0,1.19366,1.19374
EUR_USD,1640000986.0,1.19337,1.19345
EUR_USD,1640000987.0,1.19325,1.19333
EUR_USD,1640000988.0,1.19318,1.19326
EUR_USD,1640000989.0,1.19423,1.19431
EUR_USD,1640000990.0,1.19475,1.19483
EUR_USD,1640000991.0,1.19471,1.19479
EUR_USD,1640000992.0,1.19424,1.19432
EUR_USD,1640000993.0,1.19461,1.19469
EUR_USD,1640000994.0,1.1949,1.19498
EUR_USD,1640000995.0,1.19574,1.19582
EUR_USD,1640000996.0,1.19538,1.19546
EUR_USD,1640000997.0,1.19561,1.19569
EUR_USD,1640000998.0,1.19595,1.19603
EUR_USD,1640000999.0,1.19542,1.1955
EUR_USD,1640001000.0,1.19541,1.19549
EUR_USD,1640001001.0,1.19558,1.19566
EUR_USD,1640001002.0,1.19576,1.19584
EUR_USD,1640001003.0,1.19577,1.19585
EUR_USD,1640001004.0,1.19586,1.19594
EUR_USD,1640001005.0,1.1962,1.19628
EUR_USD,1640001006.0,1.19633,1.19641
EUR_USD,1640001007.0,1.19634,1.19642
EUR_USD,1640001008.0,1.19665,1.19673
EUR_USD,1640001009.0,1.19668,1.19676
EUR_USD,1640001010.0,1.1964,1.19648
EUR_USD,1640001011.0,1.19602,1.1961
EUR_USD,1640001012.0,1.19613,1.19621
EUR_USD,1640001013.0,1.19592,1.196
EUR_USD,1640001014.0,1.19594,1.19602
EUR_USD,1640001015.0,1.1963,1.19638
EUR_USD,1640001016.0,1.19667,1.19675
EUR_USD,1640001017.0,1.19718,1.19726
EUR_USD,1640001018.0,1.19657,1.19665
EUR_USD,1640001019.0,1.19664,1.19672
EUR_USD,1640001020.0,1.19693,1.19701
EUR_USD,1640001021.0,1.19706,1.19714
EUR_USD,1640001022.0,1.1963,1.19638
EUR_USD,1640001023.0,1.19672,1.1968
EUR_USD,1640001024.0,1.19678,1.19686
EUR_USD,1640001025.0,1.19695,1.19703
EUR_USD,1640001026.0,1.1972,1.19728
EUR_USD,1640001027.0,1.19809,1.19817
EUR_USD,1640001028.0,1.19775,1.19783
EUR_USD,1640001029.0,1.19836,1.19844
EUR_USD,1640001030.0,1.19775,1.19783
EUR_USD,1640001031.0,1.19764,1.19772
EUR_USD,1640001032.0,1.19738,1.19746
EUR_USD,1640001033.0,1.19721,1.19729
EUR_USD,1640001034.0,1.19756,1.19764
EUR_USD,1640001035.0,1.1976,1.19768
EUR_USD,1640001036.0,1.19793,1.19801
EUR_USD,1640001037.0,1.19816,1.19824
EUR_USD,1640001038.0,1.19879,1.19887
EUR_USD,1640001039.0,1.19891,1.19899
EUR_USD,1640001040.0,1.19877,1.19885
EUR_USD,1640001041.0,1.19968,1.19976
EUR_USD,1640001042.0,1.19994,1.20002
EUR_USD,1640001043.0,1.20032,1.2004
EUR_USD,1640001044.0,1.19995,1.20003
EUR_USD,1640001045.0,1.20005,1.20013
EUR_USD,1640001046.0,1.20023,1.20031
EUR_USD,1640001047.0,1.20043,1.20051
EUR_USD,1640001048.0,1.20087,1.20095
EUR_USD,1640001049.0,1.20086,1.20094
EUR_USD,1640001050.0,1.20057,1.20065
EUR_USD,1640001051.0,1.20008,1.20016
EUR_USD,1640001052.0,1.19989,1.19997
EUR_USD,1640001053.0,1.20063,1.20071
EUR_USD,1640001054.0,1.2001,1.20018
EUR_USD,1640001055.0,1.20039,1.20047
EUR_USD,1640001056.0,1.20081,1.20089
EUR_USD,1640001057.0,1.20149,1.20157
EUR_USD,1640001058.0,1.20175,1.20183
EUR_USD,1640001059.0,1.20163,1.20171
EUR_USD,1640001060.0,1.20202,1.2021
EUR_USD,1640001061.0,1.20293,1.20301
EUR_USD,1640001062.0,1.20239,1.20247
EUR_USD,1640001063.0,1.20229,1.20237
EUR_USD,1640001064.0,1.20275,1.20283
EUR_USD,1640001065.0,1.20276,1.20284
EUR_USD,1640001066.0,1.20282,1.2029
EUR_USD,1640001067.0,1.20315,1.20323
EUR_USD,1640001068.0,1.20312,1.2032
EUR_USD,1640001069.0,1.2032,1.20328
EUR_USD,1640001070.0,1.2033,1.20338
EUR_USD,1640001071.0,1.20343,1.20351
EUR_USD,1640001072.0,1.20377,1.20385
EUR_USD,1640001073.0,1.20425,1.20433
EUR_USD,1640001074.0,1.20421,1.20429
EUR_USD,1640001075.0,1.2046,1.20468
EUR_USD,1640001076.0,1.20436,1.20444
EUR_USD,1640001077.0,1.20467,1.20475
EUR_USD,1640001078.0,1.20471,1.20479
EUR_USD,1640001079.0,1.20536,1.20544
EUR_USD,1640001080.0,1.20513,1.20521
EUR_USD,1640001081.0,1.20457,1.20465
EUR_USD,1640001082.0,1.20463,1.20471
EUR_USD,1640001083.0,1.20513,1.20521
EUR_USD,1640001084.0,1.20531,1.20539
EUR_USD,1640001085.0,1.20584,1.20592
EUR_USD,1640001086.0,1.20631,1.20639
EUR_USD,1640001087.0,1.20643,1.20651
EUR_USD,1640001088.0,1.20676,1.20684
EUR_USD,1640001089.0,1.20728,1.20736
EUR_USD,1640001090.0,1.20758,1.20766
EUR_USD,1640001091.0,1.20842,1.2085
EUR_USD,1640001092.0,1.20799,1.20807
EUR_USD,1640001093.0,1.20823,1.20831
EUR_USD,1640001094.0,1.20852,1.2086
EUR_USD,1640001095.0,1.20833,1.20841
EUR_USD,1640001096.0,1.20877,1.20885
EUR_USD,1640001097.0,1.20916,1.20924
EUR_USD,1640001098.0,1.21024,1.21032
EUR_USD,1640001099.0,1.20999,1.21007
EUR_USD,1640001100.0,1.21059,1.21067
EUR_USD,1640001101.0,1.21067,1.21075
EUR_USD,1640001102.0,1.21106,1.21114
EUR_USD,1640001103.0,1.21087,1.21095
EUR_USD,1640001104.0,1.21059,1.21067
EUR_USD,1640001105.0,1.21089,1.21097
EUR_USD,1640001106.0,1.21105,1.21113
EUR_USD,1640001107.0,1.21113,1.21121
EUR_USD,1640001108.0,1.2113,1.21138
EUR_USD,1640001109.0,1.21106,1.21114
EUR_USD,1640001110.0,1.21143,1.21151
EUR_USD,1640001111.0,1.21205,1.21213
EUR_USD,1640001112.0,1.21244,1.21252
EUR_USD,1640001113.0,1.21268,1.21276
EUR_USD,1640001114.0,1.21328,1.21336
EUR_USD,1640001115.0,1.21311,1.21319
EUR_USD,1640001116.0,1.21306,1.21314
EUR_USD,1640001117.0,1.21249,1.21257
EUR_USD,1640001118.0,1.21275,1.21283
EUR_USD,1640001119.0,1.21272,1.2128
EUR_USD,1640001120.0,1.2135,1.21358
EUR_USD,1640001121.0,1.21381,1.21389
EUR_USD,1640001122.0,1.21336,1.21344
EUR_USD,1640001123.0,1.21349,1.21357
EUR_USD,1640001124.0,1.21391,1.21399
EUR_USD,1640001125.0,1.21386,1.21394
EUR_USD,1640001126.0,1.21374,1.21382
EUR_USD,1640001127.0,1.21427,1.21435
EUR_USD,1640001128.0,1.2141,1.21418
EUR_USD,1640001129.0,1.21425,1.21433
EUR_USD,1640001130.0,1.21456,1.21464
EUR_USD,1640001131.0,1.21457,1.21465
EUR_USD,1640001132.0,1.21426,1.21434
EUR_USD,1640001133.0,1.21427,1.21435
EUR_USD,1640001134.0,1.21365,1.21373
EUR_USD,1640001135.0,1.21361,1.21369
EUR_USD,1640001136.0,1.21376,1.21384
EUR_USD,1640001137.0,1.21372,1.2138
EUR_USD,1640001138.0,1.21373,1.21381
EUR_USD,1640001139.0,1.21426,1.21434
EUR_USD,1640001140.0,1.21412,1.2142
EUR_USD,1640001141.0,1.21474,1.21482
EUR_USD,1640001142.0,1.21578,1.21586
EUR_USD,1640001143.0,1.21569,1.21577
EUR_USD,1640001144.0,1.21563,1.21571
EUR_USD,1640001145.0,1.21584,1.21592
EUR_USD,1640001146.0,1.216,1.21608
EUR_USD,1640001147.0,1.21567,1.21575
EUR_USD,1640001148.0,1.21648,1.21656
EUR_USD,1640001149.0,1.21729,1.21737
EUR_USD,1640001150.0,1.21682,1.2169
EUR_USD,1640001151.0,1.21745,1.21753
EUR_USD,1640001152.0,1.21751,1.21759
EUR_USD,1640001153.0,1.21721,1.21729
EUR_USD,1640001154.0,1.21698,1.21706
EUR_USD,1640001155.0,1.21775,1.21783
EUR_USD,1640001156.0,1.21784,1.21792
EUR_USD,1640001157.0,1.21803,1.21811
EUR_USD,1640001158.0,1.21836,1.21844
EUR_USD,1640001159.0,1.21763,1.21771
EUR_USD,1640001160.0,1.21823,1.21831
EUR_USD,1640001161.0,1.21865,1.21873
EUR_USD,1640001162.0,1.21918,1.21926
EUR_USD,1640001163.0,1.21972,1.2198
EUR_USD,1640001164.0,1.22018,1.22026
EUR_USD,1640001165.0,1.22071,1.22079
EUR_USD,1640001166.0,1.22096,1.22104
EUR_USD,1640001167.0,1.22161,1.22169
EUR_USD,1640001168.0,1.22183,1.22191
EUR_USD,1640001169.0,1.2219,1.22198
EUR_USD,1640001170.0,1.22192,1.222
EUR_USD,1640001171.0,1.22201,1.22209
EUR_USD,1640001172.0,1.22205,1.22213
EUR_USD,1640001173.0,1.22173,1.22181
EUR_USD,1640001174.0,1.22106,1.22114
EUR_USD,1640001175.0,1.22074,1.22082
EUR_USD,1640001176.0,1.22018,1.22026
EUR_USD,1640001177.0,1.2205,1.22058
EUR_USD,1640001178.0,1.22006,1.22014
EUR_USD,1640001179.0,1.22025,1.22033
EUR_USD,1640001180.0,1.22004,1.22012
EUR_USD,1640001181.0,1.21999,1.22007
EUR_USD,1640001182.0,1.2201,1.22018
EUR_USD,1640001183.0,1.22042,1.2205
EUR_USD,1640001184.0,1.22027,1.22035
EUR_USD,1640001185.0,1.21992,1.22
EUR_USD,1640001186.0,1.21957,1.21965
EUR_USD,1640001187.0,1.21983,1.21991
EUR_USD,1640001188.0,1.21976,1.21984
EUR_USD,1640001189.0,1.21948,1.21956
EUR_USD,1640001190.0,1.21895,1.21903
EUR_USD,1640001191.0,1.21934,1.21942
EUR_USD,1640001192.0,1.21977,1.21985
EUR_USD,1640001193.0,1.21999,1.22007
EUR_USD,1640001194.0,1.22051,1.22059
EUR_USD,1640001195.0,1.22069,1.22077
EUR_USD,1640001196.0,1.2208,1.22088
EUR_USD,1640001197.0,1.22054,1.22062
EUR_USD,1640001198.0,1.22047,1.22055
EUR_USD,1640001199.0,1.22178,1.22186
