instrument,ts,bid,ask,mid
EUR_USD,1640000000.0,1.0999,1.09998,1.09994
EUR_USD,1640000001.0,1.09988,1.09996,1.09992
EUR_USD,1640000002.0,1.09988,1.09996,1.09992
EUR_USD,1640000003.0,1.09987,1.09995,1.09991
EUR_USD,1640000004.0,1.09985,1.09993,1.09989
EUR_USD,1640000005.0,1.0999,1.09998,1.09994
EUR_USD,1640000006.0,1.09991,1.09999,1.09995
EUR_USD,1640000007.0,1.09991,1.09999,1.09995
EUR_USD,1640000008.0,1.09995,1.10003,1.09999
EUR_USD,1640000009.0,1.10001,1.10009,1.10005
EUR_USD,1640000010.0,1.10003,1.10011,1.10007
EUR_USD,1640000011.0,1.10004,1.10012,1.10008
EUR_USD,1640000012.0,1.09998,1.10006,1.10002
EUR_USD,1640000013.0,1.09996,1.10004,1.1
EUR_USD,1640000014.0,1.09994,1.10002,1.09998
EUR_USD,1640000015.0,1.09989,1.09997,1.09993
EUR_USD,1640000016.0,1.09989,1.09997,1.09993
EUR_USD,1640000017.0,1.09987,1.09995,1.09991
EUR_USD,1640000018.0,1.09985,1.09993,1.09989
EUR_USD,1640000019.0,1.09983,1.09991,1.09987
EUR_USD,1640000020.0,1.09986,1.09994,1.0999
EUR_USD,1640000021.0,1.0999,1.09998,1.09994
EUR_USD,1640000022.0,1.1,1.10008,1.10004
EUR_USD,1640000023.0,1.09995,1.10003,1.09999
EUR_USD,1640000024.0,1.10005,1.10013,1.10009
EUR_USD,1640000025.0,1.09999,1.10007,1.10003
EUR_USD,1640000026.0,1.1,1.10008,1.10004
EUR_USD,1640000027.0,1.10004,1.10012,1.10008
EUR_USD,1640000028.0,1.10001,1.10009,1.10005
EUR_USD,1640000029.0,1.10003,1.10011,1.10007
EUR_USD,1640000030.0,1.09998,1.10006,1.10002
EUR_USD,1640000031.0,1.0999,1.09998,1.09994
EUR_USD,1640000032.0,1.09991,1.09999,1.09995
EUR_USD,1640000033.0,1.09989,1.09997,1.09993
EUR_USD,1640000034.0,1.09987,1.09995,1.09991
EUR_USD,1640000035.0,1.09981,1.09989,1.09985
EUR_USD,1640000036.0,1.09982,1.0999,1.09986
EUR_USD,1640000037.0,1.09976,1.09984,1.0998
EUR_USD,1640000038.0,1.09979,1.09987,1.09983
EUR_USD,1640000039.0,1.0998,1.09988,1.09984
EUR_USD,1640000040.0,1.09982,1.0999,1.09986
EUR_USD,1640000041.0,1.09977,1.09985,1.09981
EUR_USD,1640000042.0,1.09977,1.09985,1.09981
EUR_USD,1640000043.0,1.09981,1.09989,1.09985
EUR_USD,1640000044.0,1.09984,1.09992,1.09988
EUR_USD,1640000045.0,1.09989,1.09997,1.09993
EUR_USD,1640000046.0,1.09983,1.09991,1.09987
EUR_USD,1640000047.0,1.09986,1.09994,1.0999
EUR_USD,1640000048.0,1.09981,1.09989,1.09985
EUR_USD,1640000049.0,1.09983,1.09991,1.09987
EUR_USD,1640000050.0,1.09985,1.09993,1.09989
EUR_USD,1640000051.0,1.09984,1.09992,1.09988
EUR_USD,1640000052.0,1.09985,1.09993,1.09989
EUR_USD,1640000053.0,1.09983,1.09991,1.09987
EUR_USD,1640000054.0,1.09988,1.09996,1.09992
EUR_USD,1640000055.0,1.09983,1.09991,1.09987
EUR_USD,1640000056.0,1.09977,1.09985,1.09981
EUR_USD,1640000057.0,1.09979,1.09987,1.09983
EUR_USD,1640000058.0,1.09978,1.09986,1.09982
EUR_USD,1640000059.0,1.0998,1.09988,1.09984
EUR_USD,1640000060.0,1.09975,1.09983,1.09979
EUR_USD,1640000061.0,1.09978,1.09986,1.09982
EUR_USD,1640000062.0,1.09974,1.09982,1.09978
EUR_USD,1640000063.0,1.09973,1.09981,1.09977
EUR_USD,1640000064.0,1.09978,1.09986,1.09982
EUR_USD,1640000065.0,1.09977,1.09985,1.09981
EUR_USD,1640000066.0,1.09976,1.09984,1.0998
EUR_USD,1640000067.0,1.09971,1.09979,1.09975
EUR_USD,1640000068.0,1.09974,1.09982,1.09978
EUR_USD,1640000069.0,1.09976,1.09984,1.0998
EUR_USD,1640000070.0,1.09972,1.0998,1.09976
EUR_USD,1640000071.0,1.0997,1.09978,1.09974
EUR_USD,1640000072.0,1.0997,1.09978,1.09974
EUR_USD,1640000073.0,1.09967,1.09975,1.09971
EUR_USD,1640000074.0,1.09969,1.09977,1.09973
EUR_USD,1640000075.0,1.09967,1.09975,1.09971
EUR_USD,1640000076.0,1.09971,1.09979,1.09975
EUR_USD,1640000077.0,1.09971,1.09979,1.09975
EUR_USD,1640000078.0,1.09973,1.09981,1.09977
EUR_USD,1640000079.0,1.09977,1.09985,1.09981
EUR_USD,1640000080.0,1.09978,1.09986,1.09982
EUR_USD,1640000081.0,1.09982,1.0999,1.09986
EUR_USD,1640000082.0,1.09984,1.09992,1.09988
EUR_USD,1640000083.0,1.09987,1.09995,1.09991
EUR_USD,1640000084.0,1.09988,1.09996,1.09992
EUR_USD,1640000085.0,1.09993,1.10001,1.09997
EUR_USD,1640000086.0,1.09994,1.10002,1.09998
EUR_USD,1640000087.0,1.09997,1.10005,1.10001
EUR_USD,1640000088.0,1.09998,1.10006,1.10002
EUR_USD,1640000089.0,1.09997,1.10005,1.10001
EUR_USD,1640000090.0,1.09994,1.10002,1.09998
EUR_USD,1640000091.0,1.09995,1.10003,1.09999
EUR_USD,1640000092.0,1.09997,1.10005,1.10001
EUR_USD,1640000093.0,1.09994,1.10002,1.09998
EUR_USD,1640000094.0,1.09992,1.1,1.09996
EUR_USD,1640000095.0,1.09995,1.10003,1.09999
EUR_USD,1640000096.0,1.09999,1.10007,1.10003
EUR_USD,1640000097.0,1.1,1.10008,1.10004
EUR_USD,1640000098.0,1.10001,1.10009,1.10005
EUR_USD,1640000099.0,1.10001,1.10009,1.10005
EUR_USD,1640000100.0,1.09998,1.10006,1.10002
EUR_USD,1640000101.0,1.10001,1.10009,1.10005
EUR_USD,1640000102.0,1.10003,1.10011,1.10007
EUR_USD,1640000103.0,1.10005,1.10013,1.10009
EUR_USD,1640000104.0,1.10006,1.10014,1.1001
EUR_USD,1640000105.0,1.10007,1.10015,1.10011
EUR_USD,1640000106.0,1.10012,1.1002,1.10016
EUR_USD,1640000107.0,1.10015,1.10023,1.10019
EUR_USD,1640000108.0,1.10012,1.1002,1.10016
EUR_USD,1640000109.0,1.10011,1.10019,1.10015
EUR_USD,1640000110.0,1.10011,1.10019,1.10015
EUR_USD,1640000111.0,1.10006,1.10014,1.1001
EUR_USD,1640000112.0,1.10006,1.10014,1.1001
EUR_USD,1640000113.0,1.10005,1.10013,1.10009
EUR_USD,1640000114.0,1.10002,1.1001,1.10006
EUR_USD,1640000115.0,1.10001,1.10009,1.10005
EUR_USD,1640000116.0,1.0999,1.09998,1.09994
EUR_USD,1640000117.0,1.09987,1.09995,1.09991
EUR_USD,1640000118.0,1.09984,1.09992,1.09988
EUR_USD,1640000119.0,1.09982,1.0999,1.09986
EUR_USD,1640000120.0,1.09985,1.09993,1.09989
EUR_USD,1640000121.0,1.09983,1.09991,1.09987
EUR_USD,1640000122.0,1.09982,1.0999,1.09986
EUR_USD,1640000123.0,1.09983,1.09991,1.09987
EUR_USD,1640000124.0,1.09984,1.09992,1.09988
EUR_USD,1640000125.0,1.09982,1.0999,1.09986
EUR_USD,1640000126.0,1.09986,1.09994,1.0999
EUR_USD,1640000127.0,1.09983,1.09991,1.09987
EUR_USD,1640000128.0,1.09986,1.09994,1.0999
EUR_USD,1640000129.0,1.09987,1.09995,1.09991
EUR_USD,1640000130.0,1.0999,1.09998,1.09994
EUR_USD,1640000131.0,1.09986,1.09994,1.0999
EUR_USD,1640000132.0,1.0999,1.09998,1.09994
EUR_USD,1640000133.0,1.09989,1.09997,1.09993
EUR_USD,1640000134.0,1.0999,1.09998,1.09994
EUR_USD,1640000135.0,1.09992,1.1,1.09996
EUR_USD,1640000136.0,1.09988,1.09996,1.09992
EUR_USD,1640000137.0,1.09986,1.09994,1.0999
EUR_USD,1640000138.0,1.0998,1.09988,1.09984
EUR_USD,1640000139.0,1.09981,1.09989,1.09985
EUR_USD,1640000140.0,1.09975,1.09983,1.09979
EUR_USD,1640000141.0,1.09976,1.09984,1.0998
EUR_USD,1640000142.0,1.09973,1.09981,1.09977
EUR_USD,1640000143.0,1.09971,1.09979,1.09975
EUR_USD,1640000144.0,1.09967,1.09975,1.09971
EUR_USD,1640000145.0,1.09963,1.09971,1.09967
EUR_USD,1640000146.0,1.09966,1.09974,1.0997
EUR_USD,1640000147.0,1.09966,1.09974,1.0997
EUR_USD,1640000148.0,1.09965,1.09973,1.09969
EUR_USD,1640000149.0,1.09968,1.09976,1.09972
EUR_USD,1640000150.0,1.09966,1.09974,1.0997
EUR_USD,1640000151.0,1.09967,1.09975,1.09971
EUR_USD,1640000152.0,1.09963,1.09971,1.09967
EUR_USD,1640000153.0,1.09955,1.09963,1.09959
EUR_USD,1640000154.0,1.0996,1.09968,1.09964
EUR_USD,1640000155.0,1.09958,1.09966,1.09962
EUR_USD,1640000156.0,1.09959,1.09967,1.09963
EUR_USD,1640000157.0,1.09958,1.09966,1.09962
EUR_USD,1640000158.0,1.09956,1.09964,1.0996
EUR_USD,1640000159.0,1.0996,1.09968,1.09964
EUR_USD,1640000160.0,1.0996,1.09968,1.09964
EUR_USD,1640000161.0,1.09959,1.09967,1.09963
EUR_USD,1640000162.0,1.09958,1.09966,1.09962
EUR_USD,1640000163.0,1.09959,1.09967,1.09963
EUR_USD,1640000164.0,1.09961,1.09969,1.09965
EUR_USD,1640000165.0,1.09967,1.09975,1.09971
EUR_USD,1640000166.0,1.0997,1.09978,1.09974
EUR_USD,1640000167.0,1.09968,1.09976,1.09972
EUR_USD,1640000168.0,1.09968,1.09976,1.09972
EUR_USD,1640000169.0,1.09966,1.09974,1.0997
EUR_USD,1640000170.0,1.09969,1.09977,1.09973
EUR_USD,1640000171.0,1.09967,1.09975,1.09971
EUR_USD,1640000172.0,1.09965,1.09973,1.09969
EUR_USD,1640000173.0,1.09961,1.09969,1.09965
EUR_USD,1640000174.0,1.0996,1.09968,1.09964
EUR_USD,1640000175.0,1.09967,1.09975,1.09971
EUR_USD,1640000176.0,1.09967,1.09975,1.09971
EUR_USD,1640000177.0,1.09968,1.09976,1.09972
EUR_USD,1640000178.0,1.09968,1.09976,1.09972
EUR_USD,1640000179.0,1.0997,1.09978,1.09974
EUR_USD,1640000180.0,1.09965,1.09973,1.09969
EUR_USD,1640000181.0,1.09963,1.09971,1.09967
EUR_USD,1640000182.0,1.0996,1.09968,1.09964
EUR_USD,1640000183.0,1.09963,1.09971,1.09967
EUR_USD,1640000184.0,1.09963,1.09971,1.09967
EUR_USD,1640000185.0,1.09961,1.09969,1.09965
EUR_USD,1640000186.0,1.09962,1.0997,1.09966
EUR_USD,1640000187.0,1.09963,1.09971,1.09967
EUR_USD,1640000188.0,1.09964,1.09972,1.09968
EUR_USD,1640000189.0,1.0996,1.09968,1.09964
EUR_USD,1640000190.0,1.09962,1.0997,1.09966
EUR_USD,1640000191.0,1.09966,1.09974,1.0997
EUR_USD,1640000192.0,1.09968,1.09976,1.09972
EUR_USD,1640000193.0,1.09967,1.09975,1.09971
EUR_USD,1640000194.0,1.09966,1.09974,1.0997
EUR_USD,1640000195.0,1.09964,1.09972,1.09968
EUR_USD,1640000196.0,1.09959,1.09967,1.09963
EUR_USD,1640000197.0,1.09963,1.09971,1.09967
EUR_USD,1640000198.0,1.09957,1.09965,1.09961
EUR_USD,1640000199.0,1.09956,1.09964,1.0996
EUR_USD,1640000200.0,1.09956,1.09964,1.0996
EUR_USD,1640000201.0,1.09956,1.09964,1.0996
EUR_USD,1640000202.0,1.09958,1.09966,1.09962
EUR_USD,1640000203.0,1.09961,1.09969,1.09965
EUR_USD,1640000204.0,1.09965,1.09973,1.09969
EUR_USD,1640000205.0,1.09972,1.0998,1.09976
EUR_USD,1640000206.0,1.09973,1.09981,1.09977
EUR_USD,1640000207.0,1.0998,1.09988,1.09984
EUR_USD,1640000208.0,1.09979,1.09987,1.09983
EUR_USD,1640000209.0,1.09977,1.09985,1.09981
EUR_USD,1640000210.0,1.09975,1.09983,1.09979
EUR_USD,1640000211.0,1.09976,1.09984,1.0998
EUR_USD,1640000212.0,1.09981,1.09989,1.09985
EUR_USD,1640000213.0,1.09981,1.09989,1.09985
EUR_USD,1640000214.0,1.09983,1.09991,1.09987
EUR_USD,1640000215.0,1.09987,1.09995,1.09991
EUR_USD,1640000216.0,1.0999,1.09998,1.09994
EUR_USD,1640000217.0,1.09988,1.09996,1.09992
EUR_USD,1640000218.0,1.09985,1.09993,1.09989
EUR_USD,1640000219.0,1.09983,1.09991,1.09987
EUR_USD,1640000220.0,1.0998,1.09988,1.09984
EUR_USD,1640000221.0,1.09984,1.09992,1.09988
EUR_USD,1640000222.0,1.09982,1.0999,1.09986
EUR_USD,1640000223.0,1.09981,1.09989,1.09985
EUR_USD,1640000224.0,1.09982,1.0999,1.09986
EUR_USD,1640000225.0,1.09983,1.09991,1.09987
EUR_USD,1640000226.0,1.09982,1.0999,1.09986
EUR_USD,1640000227.0,1.09981,1.09989,1.09985
EUR_USD,1640000228.0,1.09985,1.09993,1.09989
EUR_USD,1640000229.0,1.09982,1.0999,1.09986
EUR_USD,1640000230.0,1.09981,1.09989,1.09985
EUR_USD,1640000231.0,1.09985,1.09993,1.09989
EUR_USD,1640000232.0,1.09987,1.09995,1.09991
EUR_USD,1640000233.0,1.0999,1.09998,1.09994
EUR_USD,1640000234.0,1.09989,1.09997,1.09993
EUR_USD,1640000235.0,1.09986,1.09994,1.0999
EUR_USD,1640000236.0,1.09984,1.09992,1.09988
EUR_USD,1640000237.0,1.09989,1.09997,1.09993
EUR_USD,1640000238.0,1.09988,1.09996,1.09992
EUR_USD,1640000239.0,1.09985,1.09993,1.09989
EUR_USD,1640000240.0,1.09982,1.0999,1.09986
EUR_USD,1640000241.0,1.09977,1.09985,1.09981
EUR_USD,1640000242.0,1.09977,1.09985,1.09981
EUR_USD,1640000243.0,1.09978,1.09986,1.09982
EUR_USD,1640000244.0,1.09979,1.09987,1.09983
EUR_USD,1640000245.0,1.09978,1.09986,1.09982
EUR_USD,1640000246.0,1.09979,1.09987,1.09983
EUR_USD,1640000247.0,1.09977,1.09985,1.09981
EUR_USD,1640000248.0,1.09979,1.09987,1.09983
EUR_USD,1640000249.0,1.09982,1.0999,1.09986
EUR_USD,1640000250.0,1.09977,1.09985,1.09981
EUR_USD,1640000251.0,1.09983,1.09991,1.09987
EUR_USD,1640000252.0,1.09983,1.09991,1.09987
EUR_USD,1640000253.0,1.09986,1.09994,1.0999
EUR_USD,1640000254.0,1.09985,1.09993,1.09989
EUR_USD,1640000255.0,1.09987,1.09995,1.09991
EUR_USD,1640000256.0,1.09979,1.09987,1.09983
EUR_USD,1640000257.0,1.09983,1.09991,1.09987
EUR_USD,1640000258.0,1.09978,1.09986,1.09982
EUR_USD,1640000259.0,1.09982,1.0999,1.09986
EUR_USD,1640000260.0,1.0998,1.09988,1.09984
EUR_USD,1640000261.0,1.09976,1.09984,1.0998
EUR_USD,1640000262.0,1.09979,1.09987,1.09983
EUR_USD,1640000263.0,1.09982,1.0999,1.09986
EUR_USD,1640000264.0,1.09983,1.09991,1.09987
EUR_USD,1640000265.0,1.09979,1.09987,1.09983
EUR_USD,1640000266.0,1.09979,1.09987,1.09983
EUR_USD,1640000267.0,1.09975,1.09983,1.09979
EUR_USD,1640000268.0,1.09974,1.09982,1.09978
EUR_USD,1640000269.0,1.0997,1.09978,1.09974
EUR_USD,1640000270.0,1.09971,1.09979,1.09975
EUR_USD,1640000271.0,1.0998,1.09988,1.09984
EUR_USD,1640000272.0,1.09977,1.09985,1.09981
EUR_USD,1640000273.0,1.09974,1.09982,1.09978
EUR_USD,1640000274.0,1.09977,1.09985,1.09981
EUR_USD,1640000275.0,1.09977,1.09985,1.09981
EUR_USD,1640000276.0,1.09975,1.09983,1.09979
EUR_USD,1640000277.0,1.09976,1.09984,1.0998
EUR_USD,1640000278.0,1.0998,1.09988,1.09984
EUR_USD,1640000279.0,1.09973,1.09981,1.09977
EUR_USD,1640000280.0,1.0997,1.09978,1.09974
EUR_USD,1640000281.0,1.09968,1.09976,1.09972
EUR_USD,1640000282.0,1.09971,1.09979,1.09975
EUR_USD,1640000283.0,1.0997,1.09978,1.09974
EUR_USD,1640000284.0,1.09971,1.09979,1.09975
EUR_USD,1640000285.0,1.09975,1.09983,1.09979
EUR_USD,1640000286.0,1.09978,1.09986,1.09982
EUR_USD,1640000287.0,1.09984,1.09992,1.09988
EUR_USD,1640000288.0,1.09986,1.09994,1.0999
EUR_USD,1640000289.0,1.09986,1.09994,1.0999
EUR_USD,1640000290.0,1.09989,1.09997,1.09993
EUR_USD,1640000291.0,1.09986,1.09994,1.0999
EUR_USD,1640000292.0,1.09985,1.09993,1.09989
EUR_USD,1640000293.0,1.09986,1.09994,1.0999
EUR_USD,1640000294.0,1.09981,1.09989,1.09985
EUR_USD,1640000295.0,1.09983,1.09991,1.09987
EUR_USD,1640000296.0,1.0998,1.09988,1.09984
EUR_USD,1640000297.0,1.09974,1.09982,1.09978
EUR_USD,1640000298.0,1.09973,1.09981,1.09977
EUR_USD,1640000299.0,1.09975,1.09983,1.09979
EUR_USD,1640000300.0,1.09979,1.09987,1.09983
EUR_USD,1640000301.0,1.09971,1.09979,1.09975
EUR_USD,1640000302.0,1.09972,1.0998,1.09976
EUR_USD,1640000303.0,1.09976,1.09984,1.0998
EUR_USD,1640000304.0,1.0998,1.09988,1.09984
EUR_USD,1640000305.0,1.09981,1.09989,1.09985
EUR_USD,1640000306.0,1.09978,1.09986,1.09982
EUR_USD,1640000307.0,1.09981,1.09989,1.09985
EUR_USD,1640000308.0,1.09979,1.09987,1.09983
EUR_USD,1640000309.0,1.09979,1.09987,1.09983
EUR_USD,1640000310.0,1.09982,1.0999,1.09986
EUR_USD,1640000311.0,1.09985,1.09993,1.09989
EUR_USD,1640000312.0,1.09991,1.09999,1.09995
EUR_USD,1640000313.0,1.09995,1.10003,1.09999
EUR_USD,1640000314.0,1.10005,1.10013,1.10009
EUR_USD,1640000315.0,1.10009,1.10017,1.10013
EUR_USD,1640000316.0,1.10012,1.1002,1.10016
EUR_USD,1640000317.0,1.10015,1.10023,1.10019
EUR_USD,1640000318.0,1.10018,1.10026,1.10022
EUR_USD,1640000319.0,1.1002,1.10028,1.10024
EUR_USD,1640000320.0,1.10024,1.10032,1.10028
EUR_USD,1640000321.0,1.10014,1.10022,1.10018
EUR_USD,1640000322.0,1.10015,1.10023,1.10019
EUR_USD,1640000323.0,1.1002,1.10028,1.10024
EUR_USD,1640000324.0,1.1002,1.10028,1.10024
EUR_USD,1640000325.0,1.10024,1.10032,1.10028
EUR_USD,1640000326.0,1.10024,1.10032,1.10028
EUR_USD,1640000327.0,1.10027,1.10035,1.10031
EUR_USD,1640000328.0,1.10027,1.10035,1.10031
EUR_USD,1640000329.0,1.10027,1.10035,1.10031
EUR_USD,1640000330.0,1.10027,1.10035,1.10031
EUR_USD,1640000331.0,1.10025,1.10033,1.10029
EUR_USD,1640000332.0,1.10023,1.10031,1.10027
EUR_USD,1640000333.0,1.10023,1.10031,1.10027
EUR_USD,1640000334.0,1.10021,1.10029,1.10025
EUR_USD,1640000335.0,1.10025,1.10033,1.10029
EUR_USD,1640000336.0,1.10022,1.1003,1.10026
EUR_USD,1640000337.0,1.10016,1.10024,1.1002
EUR_USD,1640000338.0,1.10009,1.10017,1.10013
EUR_USD,1640000339.0,1.10011,1.10019,1.10015
EUR_USD,1640000340.0,1.10013,1.10021,1.10017
EUR_USD,1640000341.0,1.10008,1.10016,1.10012
EUR_USD,1640000342.0,1.1001,1.10018,1.10014
EUR_USD,1640000343.0,1.10011,1.10019,1.10015
EUR_USD,1640000344.0,1.10009,1.10017,1.10013
EUR_USD,1640000345.0,1.10008,1.10016,1.10012
EUR_USD,1640000346.0,1.1001,1.10018,1.10014
EUR_USD,1640000347.0,1.10012,1.1002,1.10016
EUR_USD,1640000348.0,1.10014,1.10022,1.10018
EUR_USD,1640000349.0,1.10011,1.10019,1.10015
EUR_USD,1640000350.0,1.10003,1.10011,1.10007
EUR_USD,1640000351.0,1.10003,1.10011,1.10007
EUR_USD,1640000352.0,1.10005,1.10013,1.10009
EUR_USD,1640000353.0,1.10007,1.10015,1.10011
EUR_USD,1640000354.0,1.1001,1.10018,1.10014
EUR_USD,1640000355.0,1.10011,1.10019,1.10015
EUR_USD,1640000356.0,1.10013,1.10021,1.10017
EUR_USD,1640000357.0,1.10014,1.10022,1.10018
EUR_USD,1640000358.0,1.10018,1.10026,1.10022
EUR_USD,1640000359.0,1.10016,1.10024,1.1002
EUR_USD,1640000360.0,1.10014,1.10022,1.10018
EUR_USD,1640000361.0,1.10016,1.10024,1.1002
EUR_USD,1640000362.0,1.10017,1.10025,1.10021
EUR_USD,1640000363.0,1.10017,1.10025,1.10021
EUR_USD,1640000364.0,1.10017,1.10025,1.10021
EUR_USD,1640000365.0,1.10016,1.10024,1.1002
EUR_USD,1640000366.0,1.10011,1.10019,1.10015
EUR_USD,1640000367.0,1.10009,1.10017,1.10013
EUR_USD,1640000368.0,1.10006,1.10014,1.1001
EUR_USD,1640000369.0,1.10008,1.10016,1.10012
EUR_USD,1640000370.0,1.10005,1.10013,1.10009
EUR_USD,1640000371.0,1.10007,1.10015,1.10011
EUR_USD,1640000372.0,1.10006,1.10014,1.1001
EUR_USD,1640000373.0,1.10008,1.10016,1.10012
EUR_USD,1640000374.0,1.10006,1.10014,1.1001
EUR_USD,1640000375.0,1.10011,1.10019,1.10015
EUR_USD,1640000376.0,1.10009,1.10017,1.10013
EUR_USD,1640000377.0,1.1001,1.10018,1.10014
EUR_USD,1640000378.0,1.10005,1.10013,1.10009
EUR_USD,1640000379.0,1.10002,1.1001,1.10006
EUR_USD,1640000380.0,1.10002,1.1001,1.10006
EUR_USD,1640000381.0,1.10002,1.1001,1.10006
EUR_USD,1640000382.0,1.10006,1.10014,1.1001
EUR_USD,1640000383.0,1.10012,1.1002,1.10016
EUR_USD,1640000384.0,1.10014,1.10022,1.10018
EUR_USD,1640000385.0,1.10016,1.10024,1.1002
EUR_USD,1640000386.0,1.10015,1.10023,1.10019
EUR_USD,1640000387.0,1.10011,1.10019,1.10015
EUR_USD,1640000388.0,1.1001,1.10018,1.10014
EUR_USD,1640000389.0,1.10007,1.10015,1.10011
EUR_USD,1640000390.0,1.10001,1.10009,1.10005
EUR_USD,1640000391.0,1.09996,1.10004,1.1
EUR_USD,1640000392.0,1.09994,1.10002,1.09998
EUR_USD,1640000393.0,1.09992,1.1,1.09996
EUR_USD,1640000394.0,1.0999,1.09998,1.09994
EUR_USD,1640000395.0,1.09989,1.09997,1.09993
EUR_USD,1640000396.0,1.09989,1.09997,1.09993
EUR_USD,1640000397.0,1.09993,1.10001,1.09997
EUR_USD,1640000398.0,1.09989,1.09997,1.09993
EUR_USD,1640000399.0,1.09988,1.09996,1.09992
EUR_USD,1640000400.0,1.09991,1.09999,1.09995
EUR_USD,1640000401.0,1.09984,1.09992,1.09988
EUR_USD,1640000402.0,1.09983,1.09991,1.09987
EUR_USD,1640000403.0,1.09983,1.09991,1.09987
EUR_USD,1640000404.0,1.09979,1.09987,1.09983
EUR_USD,1640000405.0,1.0998,1.09988,1.09984
EUR_USD,1640000406.0,1.09976,1.09984,1.0998
EUR_USD,1640000407.0,1.09978,1.09986,1.09982
EUR_USD,1640000408.0,1.09982,1.0999,1.09986
EUR_USD,1640000409.0,1.09982,1.0999,1.09986
EUR_USD,1640000410.0,1.09984,1.09992,1.09988
EUR_USD,1640000411.0,1.09982,1.0999,1.09986
EUR_USD,1640000412.0,1.09986,1.09994,1.0999
EUR_USD,1640000413.0,1.09984,1.09992,1.09988
EUR_USD,1640000414.0,1.09984,1.09992,1.09988
EUR_USD,1640000415.0,1.0998,1.09988,1.09984
EUR_USD,1640000416.0,1.09979,1.09987,1.09983
EUR_USD,1640000417.0,1.0998,1.09988,1.09984
EUR_USD,1640000418.0,1.09983,1.09991,1.09987
EUR_USD,1640000419.0,1.09983,1.09991,1.09987
EUR_USD,1640000420.0,1.09984,1.09992,1.09988
EUR_USD,1640000421.0,1.09984,1.09992,1.09988
EUR_USD,1640000422.0,1.09979,1.09987,1.09983
EUR_USD,1640000423.0,1.09983,1.09991,1.09987
EUR_USD,1640000424.0,1.09979,1.09987,1.09983
EUR_USD,1640000425.0,1.0998,1.09988,1.09984
EUR_USD,1640000426.0,1.09975,1.09983,1.09979
EUR_USD,1640000427.0,1.0998,1.09988,1.09984
EUR_USD,1640000428.0,1.09981,1.09989,1.09985
EUR_USD,1640000429.0,1.09983,1.09991,1.09987
EUR_USD,1640000430.0,1.09983,1.09991,1.09987
EUR_USD,1640000431.0,1.09982,1.0999,1.09986
EUR_USD,1640000432.0,1.09985,1.09993,1.09989
EUR_USD,1640000433.0,1.09982,1.0999,1.09986
EUR_USD,1640000434.0,1.0998,1.09988,1.09984
EUR_USD,1640000435.0,1.09978,1.09986,1.09982
EUR_USD,1640000436.0,1.09977,1.09985,1.09981
EUR_USD,1640000437.0,1.09979,1.09987,1.09983
EUR_USD,1640000438.0,1.09981,1.09989,1.09985
EUR_USD,1640000439.0,1.09984,1.09992,1.09988
EUR_USD,1640000440.0,1.0998,1.09988,1.09984
EUR_USD,1640000441.0,1.09982,1.0999,1.09986
EUR_USD,1640000442.0,1.09981,1.09989,1.09985
EUR_USD,1640000443.0,1.09984,1.09992,1.09988
EUR_USD,1640000444.0,1.09986,1.09994,1.0999
EUR_USD,1640000445.0,1.09988,1.09996,1.09992
EUR_USD,1640000446.0,1.09987,1.09995,1.09991
EUR_USD,1640000447.0,1.09987,1.09995,1.09991
EUR_USD,1640000448.0,1.09986,1.09994,1.0999
EUR_USD,1640000449.0,1.09982,1.0999,1.09986
EUR_USD,1640000450.0,1.09991,1.09999,1.09995
EUR_USD,1640000451.0,1.09993,1.10001,1.09997
EUR_USD,1640000452.0,1.0999,1.09998,1.09994
EUR_USD,1640000453.0,1.09989,1.09997,1.09993
EUR_USD,1640000454.0,1.09987,1.09995,1.09991
EUR_USD,1640000455.0,1.09986,1.09994,1.0999
EUR_USD,1640000456.0,1.09986,1.09994,1.0999
EUR_USD,1640000457.0,1.09984,1.09992,1.09988
EUR_USD,1640000458.0,1.09982,1.0999,1.09986
EUR_USD,1640000459.0,1.09984,1.09992,1.09988
EUR_USD,1640000460.0,1.09984,1.09992,1.09988
EUR_USD,1640000461.0,1.0999,1.09998,1.09994
EUR_USD,1640000462.0,1.0999,1.09998,1.09994
EUR_USD,1640000463.0,1.0999,1.09998,1.09994
EUR_USD,1640000464.0,1.09986,1.09994,1.0999
EUR_USD,1640000465.0,1.09988,1.09996,1.09992
EUR_USD,1640000466.0,1.09986,1.09994,1.0999
EUR_USD,1640000467.0,1.09994,1.10002,1.09998
EUR_USD,1640000468.0,1.09995,1.10003,1.09999
EUR_USD,1640000469.0,1.09995,1.10003,1.09999
EUR_USD,1640000470.0,1.09995,1.10003,1.09999
EUR_USD,1640000471.0,1.09998,1.10006,1.10002
EUR_USD,1640000472.0,1.09996,1.10004,1.1
EUR_USD,1640000473.0,1.10002,1.1001,1.10006
EUR_USD,1640000474.0,1.10006,1.10014,1.1001
EUR_USD,1640000475.0,1.10002,1.1001,1.10006
EUR_USD,1640000476.0,1.09997,1.10005,1.10001
EUR_USD,1640000477.0,1.09997,1.10005,1.10001
EUR_USD,1640000478.0,1.1,1.10008,1.10004
EUR_USD,1640000479.0,1.09994,1.10002,1.09998
EUR_USD,1640000480.0,1.09991,1.09999,1.09995
EUR_USD,1640000481.0,1.09996,1.10004,1.1
EUR_USD,1640000482.0,1.10001,1.10009,1.10005
EUR_USD,1640000483.0,1.10005,1.10013,1.10009
EUR_USD,1640000484.0,1.10007,1.10015,1.10011
EUR_USD,1640000485.0,1.10002,1.1001,1.10006
EUR_USD,1640000486.0,1.09999,1.10007,1.10003
EUR_USD,1640000487.0,1.09999,1.10007,1.10003
EUR_USD,1640000488.0,1.09999,1.10007,1.10003
EUR_USD,1640000489.0,1.09998,1.10006,1.10002
EUR_USD,1640000490.0,1.10001,1.10009,1.10005
EUR_USD,1640000491.0,1.10002,1.1001,1.10006
EUR_USD,1640000492.0,1.10004,1.10012,1.10008
EUR_USD,1640000493.0,1.10003,1.10011,1.10007
EUR_USD,1640000494.0,1.10003,1.10011,1.10007
EUR_USD,1640000495.0,1.09998,1.10006,1.10002
EUR_USD,1640000496.0,1.09995,1.10003,1.09999
EUR_USD,1640000497.0,1.09998,1.10006,1.10002
EUR_USD,1640000498.0,1.09996,1.10004,1.1
EUR_USD,1640000499.0,1.09997,1.10005,1.10001
EUR_USD,1640000500.0,1.0999,1.09998,1.09994
EUR_USD,1640000501.0,1.09991,1.09999,1.09995
EUR_USD,1640000502.0,1.09987,1.09995,1.09991
EUR_USD,1640000503.0,1.09987,1.09995,1.09991
EUR_USD,1640000504.0,1.09989,1.09997,1.09993
EUR_USD,1640000505.0,1.09993,1.10001,1.09997
EUR_USD,1640000506.0,1.09996,1.10004,1.1
EUR_USD,1640000507.0,1.09992,1.1,1.09996
EUR_USD,1640000508.0,1.09987,1.09995,1.09991
EUR_USD,1640000509.0,1.09988,1.09996,1.09992
EUR_USD,1640000510.0,1.09985,1.09993,1.09989
EUR_USD,1640000511.0,1.0999,1.09998,1.09994
EUR_USD,1640000512.0,1.09987,1.09995,1.09991
EUR_USD,1640000513.0,1.09982,1.0999,1.09986
EUR_USD,1640000514.0,1.09982,1.0999,1.09986
EUR_USD,1640000515.0,1.0998,1.09988,1.09984
EUR_USD,1640000516.0,1.09982,1.0999,1.09986
EUR_USD,1640000517.0,1.09985,1.09993,1.09989
EUR_USD,1640000518.0,1.09986,1.09994,1.0999
EUR_USD,1640000519.0,1.09991,1.09999,1.09995
EUR_USD,1640000520.0,1.09994,1.10002,1.09998
EUR_USD,1640000521.0,1.09992,1.1,1.09996
EUR_USD,1640000522.0,1.09989,1.09997,1.09993
EUR_USD,1640000523.0,1.09987,1.09995,1.09991
EUR_USD,1640000524.0,1.09989,1.09997,1.09993
EUR_USD,1640000525.0,1.09985,1.09993,1.09989
EUR_USD,1640000526.0,1.09985,1.09993,1.09989
EUR_USD,1640000527.0,1.09991,1.09999,1.09995
EUR_USD,1640000528.0,1.0999,1.09998,1.09994
EUR_USD,1640000529.0,1.09989,1.09997,1.09993
EUR_USD,1640000530.0,1.09986,1.09994,1.0999
EUR_USD,1640000531.0,1.09982,1.0999,1.09986
EUR_USD,1640000532.0,1.0998,1.09988,1.09984
EUR_USD,1640000533.0,1.09977,1.09985,1.09981
EUR_USD,1640000534.0,1.09974,1.09982,1.09978
EUR_USD,1640000535.0,1.09972,1.0998,1.09976
EUR_USD,1640000536.0,1.09976,1.09984,1.0998
EUR_USD,1640000537.0,1.09975,1.09983,1.09979
EUR_USD,1640000538.0,1.09976,1.09984,1.0998
EUR_USD,1640000539.0,1.09977,1.09985,1.09981
EUR_USD,1640000540.0,1.09974,1.09982,1.09978
EUR_USD,1640000541.0,1.09969,1.09977,1.09973
EUR_USD,1640000542.0,1.09965,1.09973,1.09969
EUR_USD,1640000543.0,1.0997,1.09978,1.09974
EUR_USD,1640000544.0,1.0997,1.09978,1.09974
EUR_USD,1640000545.0,1.09972,1.0998,1.09976
EUR_USD,1640000546.0,1.09968,1.09976,1.09972
EUR_USD,1640000547.0,1.09967,1.09975,1.09971
EUR_USD,1640000548.0,1.09966,1.09974,1.0997
EUR_USD,1640000549.0,1.09966,1.09974,1.0997
EUR_USD,1640000550.0,1.09965,1.09973,1.09969
EUR_USD,1640000551.0,1.09963,1.09971,1.09967
EUR_USD,1640000552.0,1.09963,1.09971,1.09967
EUR_USD,1640000553.0,1.0996,1.09968,1.09964
EUR_USD,1640000554.0,1.09964,1.09972,1.09968
EUR_USD,1640000555.0,1.09969,1.09977,1.09973
EUR_USD,1640000556.0,1.09969,1.09977,1.09973
EUR_USD,1640000557.0,1.09975,1.09983,1.09979
EUR_USD,1640000558.0,1.09974,1.09982,1.09978
EUR_USD,1640000559.0,1.09977,1.09985,1.09981
EUR_USD,1640000560.0,1.09975,1.09983,1.09979
EUR_USD,1640000561.0,1.0998,1.09988,1.09984
EUR_USD,1640000562.0,1.09977,1.09985,1.09981
EUR_USD,1640000563.0,1.09981,1.09989,1.09985
EUR_USD,1640000564.0,1.09979,1.09987,1.09983
EUR_USD,1640000565.0,1.09982,1.0999,1.09986
EUR_USD,1640000566.0,1.09981,1.09989,1.09985
EUR_USD,1640000567.0,1.09979,1.09987,1.09983
EUR_USD,1640000568.0,1.09981,1.09989,1.09985
EUR_USD,1640000569.0,1.09984,1.09992,1.09988
EUR_USD,1640000570.0,1.09986,1.09994,1.0999
EUR_USD,1640000571.0,1.09988,1.09996,1.09992
EUR_USD,1640000572.0,1.09983,1.09991,1.09987
EUR_USD,1640000573.0,1.09986,1.09994,1.0999
EUR_USD,1640000574.0,1.09991,1.09999,1.09995
EUR_USD,1640000575.0,1.09993,1.10001,1.09997
EUR_USD,1640000576.0,1.09987,1.09995,1.09991
EUR_USD,1640000577.0,1.09984,1.09992,1.09988
EUR_USD,1640000578.0,1.09986,1.09994,1.0999
EUR_USD,1640000579.0,1.09988,1.09996,1.09992
EUR_USD,1640000580.0,1.09988,1.09996,1.09992
EUR_USD,1640000581.0,1.09987,1.09995,1.09991
EUR_USD,1640000582.0,1.09986,1.09994,1.0999
EUR_USD,1640000583.0,1.09988,1.09996,1.09992
EUR_USD,1640000584.0,1.09984,1.09992,1.09988
EUR_USD,1640000585.0,1.09989,1.09997,1.09993
EUR_USD,1640000586.0,1.09989,1.09997,1.09993
EUR_USD,1640000587.0,1.09985,1.09993,1.09989
EUR_USD,1640000588.0,1.09982,1.0999,1.09986
EUR_USD,1640000589.0,1.09985,1.09993,1.09989
EUR_USD,1640000590.0,1.09988,1.09996,1.09992
EUR_USD,1640000591.0,1.09988,1.09996,1.09992
EUR_USD,1640000592.0,1.09987,1.09995,1.09991
EUR_USD,1640000593.0,1.09987,1.09995,1.09991
EUR_USD,1640000594.0,1.09987,1.09995,1.09991
EUR_USD,1640000595.0,1.09986,1.09994,1.0999
EUR_USD,1640000596.0,1.09982,1.0999,1.09986
EUR_USD,1640000597.0,1.09976,1.09984,1.0998
EUR_USD,1640000598.0,1.0998,1.09988,1.09984
EUR_USD,1640000599.0,1.09971,1.09979,1.09975
EUR_USD,1640000600.0,1.09966,1.10006,1.09986
EUR_USD,1640000601.0,1.09989,1.09997,1.09993
EUR_USD,1640000602.0,1.10032,1.1004,1.10036
EUR_USD,1640000603.0,1.10034,1.10042,1.10038
EUR_USD,1640000604.0,1.09971,1.09979,1.09975
EUR_USD,1640000605.0,1.09934,1.09942,1.09938
EUR_USD,1640000606.0,1.09946,1.09954,1.0995
EUR_USD,1640000607.0,1.09946,1.09954,1.0995
EUR_USD,1640000608.0,1.09958,1.09966,1.09962
EUR_USD,1640000609.0,1.10022,1.1003,1.10026
EUR_USD,1640000610.0,1.10075,1.10083,1.10079
EUR_USD,1640000611.0,1.10129,1.10137,1.10133
EUR_USD,1640000612.0,1.10115,1.10123,1.10119
EUR_USD,1640000613.0,1.10164,1.10172,1.10168
EUR_USD,1640000614.0,1.10152,1.1016,1.10156
EUR_USD,1640000615.0,1.1012,1.10128,1.10124
EUR_USD,1640000616.0,1.10135,1.10143,1.10139
EUR_USD,1640000617.0,1.10105,1.10113,1.10109
EUR_USD,1640000618.0,1.1017,1.10178,1.10174
EUR_USD,1640000619.0,1.10118,1.10126,1.10122
EUR_USD,1640000620.0,1.1013,1.10138,1.10134
EUR_USD,1640000621.0,1.10103,1.10111,1.10107
EUR_USD,1640000622.0,1.10148,1.10156,1.10152
EUR_USD,1640000623.0,1.10186,1.10194,1.1019
EUR_USD,1640000624.0,1.10151,1.10159,1.10155
EUR_USD,1640000625.0,1.1014,1.10148,1.10144
EUR_USD,1640000626.0,1.10127,1.10135,1.10131
EUR_USD,1640000627.0,1.10105,1.10113,1.10109
EUR_USD,1640000628.0,1.10128,1.10136,1.10132
EUR_USD,1640000629.0,1.10139,1.10147,1.10143
EUR_USD,1640000630.0,1.10132,1.1014,1.10136
EUR_USD,1640000631.0,1.10142,1.1015,1.10146
EUR_USD,1640000632.0,1.10166,1.10174,1.1017
EUR_USD,1640000633.0,1.10171,1.10179,1.10175
EUR_USD,1640000634.0,1.10173,1.10181,1.10177
EUR_USD,1640000635.0,1.10168,1.10176,1.10172
EUR_USD,1640000636.0,1.10168,1.10176,1.10172
EUR_USD,1640000637.0,1.10187,1.10195,1.10191
EUR_USD,1640000638.0,1.10135,1.10143,1.10139
EUR_USD,1640000639.0,1.10163,1.10171,1.10167
EUR_USD,1640000640.0,1.10161,1.10169,1.10165
EUR_USD,1640000641.0,1.1015,1.10158,1.10154
EUR_USD,1640000642.0,1.10163,1.10171,1.10167
EUR_USD,1640000643.0,1.10151,1.10159,1.10155
EUR_USD,1640000644.0,1.1021,1.10218,1.10214
EUR_USD,1640000645.0,1.1028,1.10288,1.10284
EUR_USD,1640000646.0,1.10284,1.10292,1.10288
EUR_USD,1640000647.0,1.10315,1.10323,1.10319
EUR_USD,1640000648.0,1.10296,1.10304,1.103
EUR_USD,1640000649.0,1.10273,1.10281,1.10277
EUR_USD,1640000650.0,1.10303,1.10311,1.10307
EUR_USD,1640000651.0,1.10312,1.1032,1.10316
EUR_USD,1640000652.0,1.10337,1.10345,1.10341
EUR_USD,1640000653.0,1.10369,1.10377,1.10373
EUR_USD,1640000654.0,1.1042,1.10428,1.10424
EUR_USD,1640000655.0,1.10448,1.10456,1.10452
EUR_USD,1640000656.0,1.1046,1.10468,1.10464
EUR_USD,1640000657.0,1.10411,1.10419,1.10415
EUR_USD,1640000658.0,1.10401,1.10409,1.10405
EUR_USD,1640000659.0,1.1042,1.10428,1.10424
EUR_USD,1640000660.0,1.10391,1.10399,1.10395
EUR_USD,1640000661.0,1.10431,1.10439,1.10435
EUR_USD,1640000662.0,1.10437,1.10445,1.10441
EUR_USD,1640000663.0,1.10431,1.10439,1.10435
EUR_USD,1640000664.0,1.10414,1.10422,1.10418
EUR_USD,1640000665.0,1.10489,1.10497,1.10493
EUR_USD,1640000666.0,1.1053,1.10538,1.10534
EUR_USD,1640000667.0,1.10519,1.10527,1.10523
EUR_USD,1640000668.0,1.1048,1.10488,1.10484
EUR_USD,1640000669.0,1.10528,1.10536,1.10532
EUR_USD,1640000670.0,1.10593,1.10601,1.10597
EUR_USD,1640000671.0,1.10644,1.10652,1.10648
EUR_USD,1640000672.0,1.10653,1.10661,1.10657
EUR_USD,1640000673.0,1.1066,1.10668,1.10664
EUR_USD,1640000674.0,1.1062,1.10628,1.10624
EUR_USD,1640000675.0,1.10635,1.10643,1.10639
EUR_USD,1640000676.0,1.10683,1.10691,1.10687
EUR_USD,1640000677.0,1.10728,1.10736,1.10732
EUR_USD,1640000678.0,1.10749,1.10757,1.10753
EUR_USD,1640000679.0,1.10776,1.10784,1.1078
EUR_USD,1640000680.0,1.1082,1.10828,1.10824
EUR_USD,1640000681.0,1.1074,1.10748,1.10744
EUR_USD,1640000682.0,1.10755,1.10763,1.10759
EUR_USD,1640000683.0,1.10751,1.10759,1.10755
EUR_USD,1640000684.0,1.10733,1.10741,1.10737
EUR_USD,1640000685.0,1.10814,1.10822,1.10818
EUR_USD,1640000686.0,1.1083,1.10838,1.10834
EUR_USD,1640000687.0,1.10827,1.10835,1.10831
EUR_USD,1640000688.0,1.10818,1.10826,1.10822
EUR_USD,1640000689.0,1.1078,1.10788,1.10784
EUR_USD,1640000690.0,1.10729,1.10737,1.10733
EUR_USD,1640000691.0,1.10749,1.10757,1.10753
EUR_USD,1640000692.0,1.1071,1.10718,1.10714
EUR_USD,1640000693.0,1.10699,1.10707,1.10703
EUR_USD,1640000694.0,1.1069,1.10698,1.10694
EUR_USD,1640000695.0,1.10655,1.10663,1.10659
EUR_USD,1640000696.0,1.10638,1.10646,1.10642
EUR_USD,1640000697.0,1.10686,1.10694,1.1069
EUR_USD,1640000698.0,1.10753,1.10761,1.10757
EUR_USD,1640000699.0,1.10776,1.10784,1.1078
EUR_USD,1640000700.0,1.10801,1.10809,1.10805
EUR_USD,1640000701.0,1.10826,1.10834,1.1083
EUR_USD,1640000702.0,1.10832,1.1084,1.10836
EUR_USD,1640000703.0,1.10837,1.10845,1.10841
EUR_USD,1640000704.0,1.10851,1.10859,1.10855
EUR_USD,1640000705.0,1.10859,1.10867,1.10863
EUR_USD,1640000706.0,1.10832,1.1084,1.10836
EUR_USD,1640000707.0,1.10854,1.10862,1.10858
EUR_USD,1640000708.0,1.10836,1.10844,1.1084
EUR_USD,1640000709.0,1.10789,1.10797,1.10793
EUR_USD,1640000710.0,1.10755,1.10763,1.10759
EUR_USD,1640000711.0,1.10752,1.1076,1.10756
EUR_USD,1640000712.0,1.10787,1.10795,1.10791
EUR_USD,1640000713.0,1.10838,1.10846,1.10842
EUR_USD,1640000714.0,1.10802,1.1081,1.10806
EUR_USD,1640000715.0,1.10835,1.10843,1.10839
EUR_USD,1640000716.0,1.10774,1.10782,1.10778
EUR_USD,1640000717.0,1.10806,1.10814,1.1081
EUR_USD,1640000718.0,1.10768,1.10776,1.10772
EUR_USD,1640000719.0,1.10804,1.10812,1.10808
EUR_USD,1640000720.0,1.10795,1.10803,1.10799
EUR_USD,1640000721.0,1.10747,1.10755,1.10751
EUR_USD,1640000722.0,1.10826,1.10834,1.1083
EUR_USD,1640000723.0,1.1086,1.10868,1.10864
EUR_USD,1640000724.0,1.10843,1.10851,1.10847
EUR_USD,1640000725.0,1.10857,1.10865,1.10861
EUR_USD,1640000726.0,1.10808,1.10816,1.10812
EUR_USD,1640000727.0,1.10853,1.10861,1.10857
EUR_USD,1640000728.0,1.10866,1.10874,1.1087
EUR_USD,1640000729.0,1.10912,1.1092,1.10916
EUR_USD,1640000730.0,1.10946,1.10954,1.1095
EUR_USD,1640000731.0,1.10957,1.10965,1.10961
EUR_USD,1640000732.0,1.1098,1.10988,1.10984
EUR_USD,1640000733.0,1.1099,1.10998,1.10994
EUR_USD,1640000734.0,1.1099,1.10998,1.10994
EUR_USD,1640000735.0,1.11074,1.11082,1.11078
EUR_USD,1640000736.0,1.11094,1.11102,1.11098
EUR_USD,1640000737.0,1.11124,1.11132,1.11128
EUR_USD,1640000738.0,1.11118,1.11126,1.11122
EUR_USD,1640000739.0,1.11134,1.11142,1.11138
EUR_USD,1640000740.0,1.11151,1.11159,1.11155
EUR_USD,1640000741.0,1.11159,1.11167,1.11163
EUR_USD,1640000742.0,1.11147,1.11155,1.11151
EUR_USD,1640000743.0,1.1112,1.11128,1.11124
EUR_USD,1640000744.0,1.11138,1.11146,1.11142
EUR_USD,1640000745.0,1.11152,1.1116,1.11156
EUR_USD,1640000746.0,1.11224,1.11232,1.11228
EUR_USD,1640000747.0,1.11242,1.1125,1.11246
EUR_USD,1640000748.0,1.11244,1.11252,1.11248
EUR_USD,1640000749.0,1.11273,1.11281,1.11277
EUR_USD,1640000750.0,1.11197,1.11205,1.11201
EUR_USD,1640000751.0,1.11131,1.11139,1.11135
EUR_USD,1640000752.0,1.11128,1.11136,1.11132
EUR_USD,1640000753.0,1.11119,1.11127,1.11123
EUR_USD,1640000754.0,1.11207,1.11215,1.11211
EUR_USD,1640000755.0,1.11166,1.11174,1.1117
EUR_USD,1640000756.0,1.11162,1.1117,1.11166
EUR_USD,1640000757.0,1.11112,1.1112,1.11116
EUR_USD,1640000758.0,1.11133,1.11141,1.11137
EUR_USD,1640000759.0,1.11127,1.11135,1.11131
EUR_USD,1640000760.0,1.11148,1.11156,1.11152
EUR_USD,1640000761.0,1.11118,1.11126,1.11122
EUR_USD,1640000762.0,1.11124,1.11132,1.11128
EUR_USD,1640000763.0,1.11114,1.11122,1.11118
EUR_USD,1640000764.0,1.11072,1.1108,1.11076
EUR_USD,1640000765.0,1.11039,1.11047,1.11043
EUR_USD,1640000766.0,1.11101,1.11109,1.11105
EUR_USD,1640000767.0,1.11078,1.11086,1.11082
EUR_USD,1640000768.0,1.1115,1.11158,1.11154
EUR_USD,1640000769.0,1.11174,1.11182,1.11178
EUR_USD,1640000770.0,1.11214,1.11222,1.11218
EUR_USD,1640000771.0,1.11234,1.11242,1.11238
EUR_USD,1640000772.0,1.11212,1.1122,1.11216
EUR_USD,1640000773.0,1.11224,1.11232,1.11228
EUR_USD,1640000774.0,1.11219,1.11227,1.11223
EUR_USD,1640000775.0,1.11212,1.1122,1.11216
EUR_USD,1640000776.0,1.11218,1.11226,1.11222
EUR_USD,1640000777.0,1.11218,1.11226,1.11222
EUR_USD,1640000778.0,1.11269,1.11277,1.11273
EUR_USD,1640000779.0,1.11258,1.11266,1.11262
EUR_USD,1640000780.0,1.11244,1.11252,1.11248
EUR_USD,1640000781.0,1.11261,1.11269,1.11265
EUR_USD,1640000782.0,1.11309,1.11317,1.11313
EUR_USD,1640000783.0,1.11281,1.11289,1.11285
EUR_USD,1640000784.0,1.11263,1.11271,1.11267
EUR_USD,1640000785.0,1.11333,1.11341,1.11337
EUR_USD,1640000786.0,1.11327,1.11335,1.11331
EUR_USD,1640000787.0,1.11362,1.1137,1.11366
EUR_USD,1640000788.0,1.11374,1.11382,1.11378
EUR_USD,1640000789.0,1.11367,1.11375,1.11371
EUR_USD,1640000790.0,1.11388,1.11396,1.11392
EUR_USD,1640000791.0,1.11418,1.11426,1.11422
EUR_USD,1640000792.0,1.11403,1.11411,1.11407
EUR_USD,1640000793.0,1.11395,1.11403,1.11399
EUR_USD,1640000794.0,1.11413,1.11421,1.11417
EUR_USD,1640000795.0,1.11421,1.11429,1.11425
EUR_USD,1640000796.0,1.11447,1.11455,1.11451
EUR_USD,1640000797.0,1.11405,1.11413,1.11409
EUR_USD,1640000798.0,1.11353,1.11361,1.11357
EUR_USD,1640000799.0,1.11367,1.11375,1.11371
EUR_USD,1640000800.0,1.11331,1.11339,1.11335
EUR_USD,1640000801.0,1.11305,1.11313,1.11309
EUR_USD,1640000802.0,1.11304,1.11312,1.11308
EUR_USD,1640000803.0,1.11266,1.11274,1.1127
EUR_USD,1640000804.0,1.11304,1.11312,1.11308
EUR_USD,1640000805.0,1.11336,1.11344,1.1134
EUR_USD,1640000806.0,1.11334,1.11342,1.11338
EUR_USD,1640000807.0,1.11289,1.11297,1.11293
EUR_USD,1640000808.0,1.11313,1.11321,1.11317
EUR_USD,1640000809.0,1.11329,1.11337,1.11333
EUR_USD,1640000810.0,1.1136,1.11368,1.11364
EUR_USD,1640000811.0,1.11309,1.11317,1.11313
EUR_USD,1640000812.0,1.11346,1.11354,1.1135
EUR_USD,1640000813.0,1.11293,1.11301,1.11297
EUR_USD,1640000814.0,1.11275,1.11283,1.11279
EUR_USD,1640000815.0,1.11253,1.11261,1.11257
EUR_USD,1640000816.0,1.11271,1.11279,1.11275
EUR_USD,1640000817.0,1.11214,1.11222,1.11218
EUR_USD,1640000818.0,1.11243,1.11251,1.11247
EUR_USD,1640000819.0,1.11194,1.11202,1.11198
EUR_USD,1640000820.0,1.11169,1.11177,1.11173
EUR_USD,1640000821.0,1.11194,1.11202,1.11198
EUR_USD,1640000822.0,1.11203,1.11211,1.11207
EUR_USD,1640000823.0,1.1127,1.11278,1.11274
EUR_USD,1640000824.0,1.113,1.11308,1.11304
EUR_USD,1640000825.0,1.1131,1.11318,1.11314
EUR_USD,1640000826.0,1.1133,1.11338,1.11334
EUR_USD,1640000827.0,1.11354,1.11362,1.11358
EUR_USD,1640000828.0,1.11346,1.11354,1.1135
EUR_USD,1640000829.0,1.11263,1.11271,1.11267
EUR_USD,1640000830.0,1.11301,1.11309,1.11305
EUR_USD,1640000831.0,1.11337,1.11345,1.11341
EUR_USD,1640000832.0,1.11399,1.11407,1.11403
EUR_USD,1640000833.0,1.11392,1.114,1.11396
EUR_USD,1640000834.0,1.11399,1.11407,1.11403
EUR_USD,1640000835.0,1.11408,1.11416,1.11412
EUR_USD,1640000836.0,1.11401,1.11409,1.11405
EUR_USD,1640000837.0,1.11439,1.11447,1.11443
EUR_USD,1640000838.0,1.11374,1.11382,1.11378
EUR_USD,1640000839.0,1.11342,1.1135,1.11346
EUR_USD,1640000840.0,1.11313,1.11321,1.11317
EUR_USD,1640000841.0,1.11262,1.1127,1.11266
EUR_USD,1640000842.0,1.11258,1.11266,1.11262
EUR_USD,1640000843.0,1.1126,1.11268,1.11264
EUR_USD,1640000844.0,1.11285,1.11293,1.11289
EUR_USD,1640000845.0,1.11278,1.11286,1.11282
EUR_USD,1640000846.0,1.11303,1.11311,1.11307
EUR_USD,1640000847.0,1.11271,1.11279,1.11275
EUR_USD,1640000848.0,1.11314,1.11322,1.11318
EUR_USD,1640000849.0,1.11351,1.11359,1.11355
EUR_USD,1640000850.0,1.1135,1.11358,1.11354
EUR_USD,1640000851.0,1.11295,1.11303,1.11299
EUR_USD,1640000852.0,1.11264,1.11272,1.11268
EUR_USD,1640000853.0,1.11286,1.11294,1.1129
EUR_USD,1640000854.0,1.11306,1.11314,1.1131
EUR_USD,1640000855.0,1.11282,1.1129,1.11286
EUR_USD,1640000856.0,1.11328,1.11336,1.11332
EUR_USD,1640000857.0,1.11336,1.11344,1.1134
EUR_USD,1640000858.0,1.11319,1.11327,1.11323
EUR_USD,1640000859.0,1.11338,1.11346,1.11342
EUR_USD,1640000860.0,1.11346,1.11354,1.1135
EUR_USD,1640000861.0,1.11338,1.11346,1.11342
EUR_USD,1640000862.0,1.11426,1.11434,1.1143
EUR_USD,1640000863.0,1.11478,1.11486,1.11482
EUR_USD,1640000864.0,1.1146,1.11468,1.11464
EUR_USD,1640000865.0,1.11457,1.11465,1.11461
EUR_USD,1640000866.0,1.1142,1.11428,1.11424
EUR_USD,1640000867.0,1.11447,1.11455,1.11451
EUR_USD,1640000868.0,1.11424,1.11432,1.11428
EUR_USD,1640000869.0,1.11417,1.11425,1.11421
EUR_USD,1640000870.0,1.11407,1.11415,1.11411
EUR_USD,1640000871.0,1.11429,1.11437,1.11433
EUR_USD,1640000872.0,1.11414,1.11422,1.11418
EUR_USD,1640000873.0,1.11427,1.11435,1.11431
EUR_USD,1640000874.0,1.11459,1.11467,1.11463
EUR_USD,1640000875.0,1.11446,1.11454,1.1145
EUR_USD,1640000876.0,1.11503,1.11511,1.11507
EUR_USD,1640000877.0,1.11504,1.11512,1.11508
EUR_USD,1640000878.0,1.11503,1.11511,1.11507
EUR_USD,1640000879.0,1.1152,1.11528,1.11524
EUR_USD,1640000880.0,1.11562,1.1157,1.11566
EUR_USD,1640000881.0,1.11528,1.11536,1.11532
EUR_USD,1640000882.0,1.11515,1.11523,1.11519
EUR_USD,1640000883.0,1.11511,1.11519,1.11515
EUR_USD,1640000884.0,1.11519,1.11527,1.11523
EUR_USD,1640000885.0,1.11522,1.1153,1.11526
EUR_USD,1640000886.0,1.11497,1.11505,1.11501
EUR_USD,1640000887.0,1.115,1.11508,1.11504
EUR_USD,1640000888.0,1.115,1.11508,1.11504
EUR_USD,1640000889.0,1.11576,1.11584,1.1158
EUR_USD,1640000890.0,1.11545,1.11553,1.11549
EUR_USD,1640000891.0,1.11476,1.11484,1.1148
EUR_USD,1640000892.0,1.11505,1.11513,1.11509
EUR_USD,1640000893.0,1.11475,1.11483,1.11479
EUR_USD,1640000894.0,1.11513,1.11521,1.11517
EUR_USD,1640000895.0,1.11489,1.11497,1.11493
EUR_USD,1640000896.0,1.11493,1.11501,1.11497
EUR_USD,1640000897.0,1.11491,1.11499,1.11495
EUR_USD,1640000898.0,1.11516,1.11524,1.1152
EUR_USD,1640000899.0,1.11474,1.11482,1.11478
EUR_USD,1640000900.0,1.11527,1.11535,1.11531
EUR_USD,1640000901.0,1.11534,1.11542,1.11538
EUR_USD,1640000902.0,1.11528,1.11536,1.11532
EUR_USD,1640000903.0,1.11561,1.11569,1.11565
EUR_USD,1640000904.0,1.11568,1.11576,1.11572
EUR_USD,1640000905.0,1.11492,1.115,1.11496
EUR_USD,1640000906.0,1.11484,1.11492,1.11488
EUR_USD,1640000907.0,1.11487,1.11495,1.11491
EUR_USD,1640000908.0,1.11475,1.11483,1.11479
EUR_USD,1640000909.0,1.11465,1.11473,1.11469
EUR_USD,1640000910.0,1.11505,1.11513,1.11509
EUR_USD,1640000911.0,1.11544,1.11552,1.11548
EUR_USD,1640000912.0,1.11546,1.11554,1.1155
EUR_USD,1640000913.0,1.11601,1.11609,1.11605
EUR_USD,1640000914.0,1.11596,1.11604,1.116
EUR_USD,1640000915.0,1.11582,1.1159,1.11586
EUR_USD,1640000916.0,1.11657,1.11665,1.11661
EUR_USD,1640000917.0,1.11692,1.117,1.11696
EUR_USD,1640000918.0,1.11659,1.11667,1.11663
EUR_USD,1640000919.0,1.11696,1.11704,1.117
EUR_USD,1640000920.0,1.11656,1.11664,1.1166
EUR_USD,1640000921.0,1.11698,1.11706,1.11702
EUR_USD,1640000922.0,1.11686,1.11694,1.1169
EUR_USD,1640000923.0,1.11693,1.11701,1.11697
EUR_USD,1640000924.0,1.11692,1.117,1.11696
EUR_USD,1640000925.0,1.11659,1.11667,1.11663
EUR_USD,1640000926.0,1.11578,1.11586,1.11582
EUR_USD,1640000927.0,1.11612,1.1162,1.11616
EUR_USD,1640000928.0,1.11591,1.11599,1.11595
EUR_USD,1640000929.0,1.11588,1.11596,1.11592
EUR_USD,1640000930.0,1.1158,1.11588,1.11584
EUR_USD,1640000931.0,1.11594,1.11602,1.11598
EUR_USD,1640000932.0,1.11583,1.11591,1.11587
EUR_USD,1640000933.0,1.11597,1.11605,1.11601
EUR_USD,1640000934.0,1.11621,1.11629,1.11625
EUR_USD,1640000935.0,1.11659,1.11667,1.11663
EUR_USD,1640000936.0,1.11609,1.11617,1.11613
EUR_USD,1640000937.0,1.11611,1.11619,1.11615
EUR_USD,1640000938.0,1.11642,1.1165,1.11646
EUR_USD,1640000939.0,1.11616,1.11624,1.1162
EUR_USD,1640000940.0,1.11602,1.1161,1.11606
EUR_USD,1640000941.0,1.11622,1.1163,1.11626
EUR_USD,1640000942.0,1.11637,1.11645,1.11641
EUR_USD,1640000943.0,1.11603,1.11611,1.11607
EUR_USD,1640000944.0,1.11652,1.1166,1.11656
EUR_USD,1640000945.0,1.11646,1.11654,1.1165
EUR_USD,1640000946.0,1.11625,1.11633,1.11629
EUR_USD,1640000947.0,1.11652,1.1166,1.11656
EUR_USD,1640000948.0,1.11671,1.11679,1.11675
EUR_USD,1640000949.0,1.11675,1.11683,1.11679
EUR_USD,1640000950.0,1.11648,1.11656,1.11652
EUR_USD,1640000951.0,1.11678,1.11686,1.11682
EUR_USD,1640000952.0,1.11648,1.11656,1.11652
EUR_USD,1640000953.0,1.11605,1.11613,1.11609
EUR_USD,1640000954.0,1.11602,1.1161,1.11606
EUR_USD,1640000955.0,1.11652,1.1166,1.11656
EUR_USD,1640000956.0,1.11681,1.11689,1.11685
EUR_USD,1640000957.0,1.11651,1.11659,1.11655
EUR_USD,1640000958.0,1.11648,1.11656,1.11652
EUR_USD,1640000959.0,1.11678,1.11686,1.11682
EUR_USD,1640000960.0,1.11646,1.11654,1.1165
EUR_USD,1640000961.0,1.11619,1.11627,1.11623
EUR_USD,1640000962.0,1.11613,1.11621,1.11617
EUR_USD,1640000963.0,1.11623,1.11631,1.11627
EUR_USD,1640000964.0,1.1164,1.11648,1.11644
EUR_USD,1640000965.0,1.11675,1.11683,1.11679
EUR_USD,1640000966.0,1.11707,1.11715,1.11711
EUR_USD,1640000967.0,1.11727,1.11735,1.11731
EUR_USD,1640000968.0,1.11698,1.11706,1.11702
EUR_USD,1640000969.0,1.11691,1.11699,1.11695
EUR_USD,1640000970.0,1.11709,1.11717,1.11713
EUR_USD,1640000971.0,1.11693,1.11701,1.11697
EUR_USD,1640000972.0,1.11709,1.11717,1.11713
EUR_USD,1640000973.0,1.11746,1.11754,1.1175
EUR_USD,1640000974.0,1.11722,1.1173,1.11726
EUR_USD,1640000975.0,1.11673,1.11681,1.11677
EUR_USD,1640000976.0,1.11712,1.1172,1.11716
EUR_USD,1640000977.0,1.11689,1.11697,1.11693
EUR_USD,1640000978.0,1.11708,1.11716,1.11712
EUR_USD,1640000979.0,1.11675,1.11683,1.11679
EUR_USD,1640000980.0,1.1166,1.11668,1.11664
EUR_USD,1640000981.0,1.11694,1.11702,1.11698
EUR_USD,1640000982.0,1.1176,1.11768,1.11764
EUR_USD,1640000983.0,1.11716,1.11724,1.1172
EUR_USD,1640000984.0,1.11703,1.11711,1.11707
EUR_USD,1640000985.0,1.11758,1.11766,1.11762
EUR_USD,1640000986.0,1.11795,1.11803,1.11799
EUR_USD,1640000987.0,1.11793,1.11801,1.11797
EUR_USD,1640000988.0,1.11746,1.11754,1.1175
EUR_USD,1640000989.0,1.11736,1.11744,1.1174
EUR_USD,1640000990.0,1.11773,1.11781,1.11777
EUR_USD,1640000991.0,1.11787,1.11795,1.11791
EUR_USD,1640000992.0,1.11757,1.11765,1.11761
EUR_USD,1640000993.0,1.1175,1.11758,1.11754
EUR_USD,1640000994.0,1.11684,1.11692,1.11688
EUR_USD,1640000995.0,1.11718,1.11726,1.11722
EUR_USD,1640000996.0,1.11683,1.11691,1.11687
EUR_USD,1640000997.0,1.11693,1.11701,1.11697
EUR_USD,1640000998.0,1.11691,1.11699,1.11695
EUR_USD,1640000999.0,1.11688,1.11696,1.11692
EUR_USD,1640001000.0,1.11672,1.1168,1.11676
EUR_USD,1640001001.0,1.11671,1.11679,1.11675
EUR_USD,1640001002.0,1.11646,1.11654,1.1165
EUR_USD,1640001003.0,1.11671,1.11679,1.11675
EUR_USD,1640001004.0,1.11704,1.11712,1.11708
EUR_USD,1640001005.0,1.11725,1.11733,1.11729
EUR_USD,1640001006.0,1.1175,1.11758,1.11754
EUR_USD,1640001007.0,1.11711,1.11719,1.11715
EUR_USD,1640001008.0,1.11734,1.11742,1.11738
EUR_USD,1640001009.0,1.11725,1.11733,1.11729
EUR_USD,1640001010.0,1.11783,1.11791,1.11787
EUR_USD,1640001011.0,1.11811,1.11819,1.11815
EUR_USD,1640001012.0,1.11805,1.11813,1.11809
EUR_USD,1640001013.0,1.11812,1.1182,1.11816
EUR_USD,1640001014.0,1.11843,1.11851,1.11847
EUR_USD,1640001015.0,1.1179,1.11798,1.11794
EUR_USD,1640001016.0,1.11796,1.11804,1.118
EUR_USD,1640001017.0,1.11774,1.11782,1.11778
EUR_USD,1640001018.0,1.11788,1.11796,1.11792
EUR_USD,1640001019.0,1.11799,1.11807,1.11803
EUR_USD,1640001020.0,1.11813,1.11821,1.11817
EUR_USD,1640001021.0,1.118,1.11808,1.11804
EUR_USD,1640001022.0,1.11809,1.11817,1.11813
EUR_USD,1640001023.0,1.11807,1.11815,1.11811
EUR_USD,1640001024.0,1.11776,1.11784,1.1178
EUR_USD,1640001025.0,1.11742,1.1175,1.11746
EUR_USD,1640001026.0,1.11788,1.11796,1.11792
EUR_USD,1640001027.0,1.11779,1.11787,1.11783
EUR_USD,1640001028.0,1.11835,1.11843,1.11839
EUR_USD,1640001029.0,1.1183,1.11838,1.11834
EUR_USD,1640001030.0,1.11829,1.11837,1.11833
EUR_USD,1640001031.0,1.11834,1.11842,1.11838
EUR_USD,1640001032.0,1.11801,1.11809,1.11805
EUR_USD,1640001033.0,1.11822,1.1183,1.11826
EUR_USD,1640001034.0,1.11855,1.11863,1.11859
EUR_USD,1640001035.0,1.11883,1.11891,1.11887
EUR_USD,1640001036.0,1.11903,1.11911,1.11907
EUR_USD,1640001037.0,1.11908,1.11916,1.11912
EUR_USD,1640001038.0,1.11908,1.11916,1.11912
EUR_USD,1640001039.0,1.11874,1.11882,1.11878
EUR_USD,1640001040.0,1.11877,1.11885,1.11881
EUR_USD,1640001041.0,1.11827,1.11835,1.11831
EUR_USD,1640001042.0,1.11773,1.11781,1.11777
EUR_USD,1640001043.0,1.11786,1.11794,1.1179
EUR_USD,1640001044.0,1.11743,1.11751,1.11747
EUR_USD,1640001045.0,1.117,1.11708,1.11704
EUR_USD,1640001046.0,1.11715,1.11723,1.11719
EUR_USD,1640001047.0,1.11758,1.11766,1.11762
EUR_USD,1640001048.0,1.11772,1.1178,1.11776
EUR_USD,1640001049.0,1.11732,1.1174,1.11736
EUR_USD,1640001050.0,1.11813,1.11821,1.11817
EUR_USD,1640001051.0,1.11829,1.11837,1.11833
EUR_USD,1640001052.0,1.11853,1.11861,1.11857
EUR_USD,1640001053.0,1.11904,1.11912,1.11908
EUR_USD,1640001054.0,1.11861,1.11869,1.11865
EUR_USD,1640001055.0,1.11944,1.11952,1.11948
EUR_USD,1640001056.0,1.11932,1.1194,1.11936
EUR_USD,1640001057.0,1.12003,1.12011,1.12007
EUR_USD,1640001058.0,1.12045,1.12053,1.12049
EUR_USD,1640001059.0,1.12073,1.12081,1.12077
EUR_USD,1640001060.0,1.12093,1.12101,1.12097
EUR_USD,1640001061.0,1.12113,1.12121,1.12117
EUR_USD,1640001062.0,1.12118,1.12126,1.12122
EUR_USD,1640001063.0,1.12139,1.12147,1.12143
EUR_USD,1640001064.0,1.12138,1.12146,1.12142
EUR_USD,1640001065.0,1.12134,1.12142,1.12138
EUR_USD,1640001066.0,1.12146,1.12154,1.1215
EUR_USD,1640001067.0,1.12083,1.12091,1.12087
EUR_USD,1640001068.0,1.12066,1.12074,1.1207
EUR_USD,1640001069.0,1.12104,1.12112,1.12108
EUR_USD,1640001070.0,1.12183,1.12191,1.12187
EUR_USD,1640001071.0,1.12214,1.12222,1.12218
EUR_USD,1640001072.0,1.12155,1.12163,1.12159
EUR_USD,1640001073.0,1.12199,1.12207,1.12203
EUR_USD,1640001074.0,1.12157,1.12165,1.12161
EUR_USD,1640001075.0,1.12165,1.12173,1.12169
EUR_USD,1640001076.0,1.12172,1.1218,1.12176
EUR_USD,1640001077.0,1.12233,1.12241,1.12237
EUR_USD,1640001078.0,1.12263,1.12271,1.12267
EUR_USD,1640001079.0,1.12244,1.12252,1.12248
EUR_USD,1640001080.0,1.12224,1.12232,1.12228
EUR_USD,1640001081.0,1.12296,1.12304,1.123
EUR_USD,1640001082.0,1.12315,1.12323,1.12319
EUR_USD,1640001083.0,1.1228,1.12288,1.12284
EUR_USD,1640001084.0,1.12279,1.12287,1.12283
EUR_USD,1640001085.0,1.12242,1.1225,1.12246
EUR_USD,1640001086.0,1.12198,1.12206,1.12202
EUR_USD,1640001087.0,1.12174,1.12182,1.12178
EUR_USD,1640001088.0,1.12161,1.12169,1.12165
EUR_USD,1640001089.0,1.12202,1.1221,1.12206
EUR_USD,1640001090.0,1.12196,1.12204,1.122
EUR_USD,1640001091.0,1.12175,1.12183,1.12179
EUR_USD,1640001092.0,1.12244,1.12252,1.12248
EUR_USD,1640001093.0,1.12226,1.12234,1.1223
EUR_USD,1640001094.0,1.12233,1.12241,1.12237
EUR_USD,1640001095.0,1.12214,1.12222,1.12218
EUR_USD,1640001096.0,1.12167,1.12175,1.12171
EUR_USD,1640001097.0,1.12145,1.12153,1.12149
EUR_USD,1640001098.0,1.12187,1.12195,1.12191
EUR_USD,1640001099.0,1.1216,1.12168,1.12164
EUR_USD,1640001100.0,1.12187,1.12195,1.12191
EUR_USD,1640001101.0,1.12171,1.12179,1.12175
EUR_USD,1640001102.0,1.12197,1.12205,1.12201
EUR_USD,1640001103.0,1.12202,1.1221,1.12206
EUR_USD,1640001104.0,1.12232,1.1224,1.12236
EUR_USD,1640001105.0,1.12245,1.12253,1.12249
EUR_USD,1640001106.0,1.12251,1.12259,1.12255
EUR_USD,1640001107.0,1.12291,1.12299,1.12295
EUR_USD,1640001108.0,1.12299,1.12307,1.12303
EUR_USD,1640001109.0,1.12297,1.12305,1.12301
EUR_USD,1640001110.0,1.12299,1.12307,1.12303
EUR_USD,1640001111.0,1.12307,1.12315,1.12311
EUR_USD,1640001112.0,1.12274,1.12282,1.12278
EUR_USD,1640001113.0,1.12226,1.12234,1.1223
EUR_USD,1640001114.0,1.12186,1.12194,1.1219
EUR_USD,1640001115.0,1.12171,1.12179,1.12175
EUR_USD,1640001116.0,1.12215,1.12223,1.12219
EUR_USD,1640001117.0,1.12237,1.12245,1.12241
EUR_USD,1640001118.0,1.12265,1.12273,1.12269
EUR_USD,1640001119.0,1.1224,1.12248,1.12244
EUR_USD,1640001120.0,1.12231,1.12239,1.12235
EUR_USD,1640001121.0,1.12262,1.1227,1.12266
EUR_USD,1640001122.0,1.12302,1.1231,1.12306
EUR_USD,1640001123.0,1.12273,1.12281,1.12277
EUR_USD,1640001124.0,1.1224,1.12248,1.12244
EUR_USD,1640001125.0,1.12222,1.1223,1.12226
EUR_USD,1640001126.0,1.12242,1.1225,1.12246
EUR_USD,1640001127.0,1.1224,1.12248,1.12244
EUR_USD,1640001128.0,1.12246,1.12254,1.1225
EUR_USD,1640001129.0,1.1231,1.12318,1.12314
EUR_USD,1640001130.0,1.12355,1.12363,1.12359
EUR_USD,1640001131.0,1.12359,1.12367,1.12363
EUR_USD,1640001132.0,1.1233,1.12338,1.12334
EUR_USD,1640001133.0,1.12371,1.12379,1.12375
EUR_USD,1640001134.0,1.12387,1.12395,1.12391
EUR_USD,1640001135.0,1.12344,1.12352,1.12348
EUR_USD,1640001136.0,1.12359,1.12367,1.12363
EUR_USD,1640001137.0,1.12344,1.12352,1.12348
EUR_USD,1640001138.0,1.12307,1.12315,1.12311
EUR_USD,1640001139.0,1.12276,1.12284,1.1228
EUR_USD,1640001140.0,1.12272,1.1228,1.12276
EUR_USD,1640001141.0,1.12235,1.12243,1.12239
EUR_USD,1640001142.0,1.12258,1.12266,1.12262
EUR_USD,1640001143.0,1.12288,1.12296,1.12292
EUR_USD,1640001144.0,1.12305,1.12313,1.12309
EUR_USD,1640001145.0,1.12294,1.12302,1.12298
EUR_USD,1640001146.0,1.12261,1.12269,1.12265
EUR_USD,1640001147.0,1.12201,1.12209,1.12205
EUR_USD,1640001148.0,1.12235,1.12243,1.12239
EUR_USD,1640001149.0,1.12292,1.123,1.12296
EUR_USD,1640001150.0,1.12352,1.1236,1.12356
EUR_USD,1640001151.0,1.12344,1.12352,1.12348
EUR_USD,1640001152.0,1.12364,1.12372,1.12368
EUR_USD,1640001153.0,1.12354,1.12362,1.12358
EUR_USD,1640001154.0,1.12404,1.12412,1.12408
EUR_USD,1640001155.0,1.12384,1.12392,1.12388
EUR_USD,1640001156.0,1.12406,1.12414,1.1241
EUR_USD,1640001157.0,1.12381,1.12389,1.12385
EUR_USD,1640001158.0,1.12335,1.12343,1.12339
EUR_USD,1640001159.0,1.12324,1.12332,1.12328
EUR_USD,1640001160.0,1.1232,1.12328,1.12324
EUR_USD,1640001161.0,1.12294,1.12302,1.12298
EUR_USD,1640001162.0,1.12249,1.12257,1.12253
EUR_USD,1640001163.0,1.12248,1.12256,1.12252
EUR_USD,1640001164.0,1.12175,1.12183,1.12179
EUR_USD,1640001165.0,1.12141,1.12149,1.12145
EUR_USD,1640001166.0,1.12119,1.12127,1.12123
EUR_USD,1640001167.0,1.12094,1.12102,1.12098
EUR_USD,1640001168.0,1.12141,1.12149,1.12145
EUR_USD,1640001169.0,1.1217,1.12178,1.12174
EUR_USD,1640001170.0,1.1217,1.12178,1.12174
EUR_USD,1640001171.0,1.12177,1.12185,1.12181
EUR_USD,1640001172.0,1.12158,1.12166,1.12162
EUR_USD,1640001173.0,1.12122,1.1213,1.12126
EUR_USD,1640001174.0,1.1211,1.12118,1.12114
EUR_USD,1640001175.0,1.12081,1.12089,1.12085
EUR_USD,1640001176.0,1.1209,1.12098,1.12094
EUR_USD,1640001177.0,1.12071,1.12079,1.12075
EUR_USD,1640001178.0,1.12042,1.1205,1.12046
EUR_USD,1640001179.0,1.12023,1.12031,1.12027
EUR_USD,1640001180.0,1.12014,1.12022,1.12018
EUR_USD,1640001181.0,1.11982,1.1199,1.11986
EUR_USD,1640001182.0,1.11976,1.11984,1.1198
EUR_USD,1640001183.0,1.11961,1.11969,1.11965
EUR_USD,1640001184.0,1.11914,1.11922,1.11918
EUR_USD,1640001185.0,1.11873,1.11881,1.11877
EUR_USD,1640001186.0,1.1191,1.11918,1.11914
EUR_USD,1640001187.0,1.11935,1.11943,1.11939
EUR_USD,1640001188.0,1.11884,1.11892,1.11888
EUR_USD,1640001189.0,1.11922,1.1193,1.11926
EUR_USD,1640001190.0,1.11897,1.11905,1.11901
EUR_USD,1640001191.0,1.119,1.11908,1.11904
EUR_USD,1640001192.0,1.11865,1.11873,1.11869
EUR_USD,1640001193.0,1.11854,1.11862,1.11858
EUR_USD,1640001194.0,1.11849,1.11857,1.11853
EUR_USD,1640001195.0,1.11839,1.11847,1.11843
EUR_USD,1640001196.0,1.11861,1.11869,1.11865
EUR_USD,1640001197.0,1.11855,1.11863,1.11859
EUR_USD,1640001198.0,1.11881,1.11889,1.11885
EUR_USD,1640001199.0,1.11962,1.1197,1.11966
