instrument,ts,bid,ask,mid
EUR_USD,1768892820.0,1.16644,1.16660,1.16652
EUR_USD,1768892825.0,1.16645,1.16662,1.16654
EUR_USD,1768892830.0,1.16639,1.16655,1.16647
EUR_USD,1768892835.0,1.16639,1.16653,1.16646
EUR_USD,1768892840.0,1.16641,1.16656,1.16648
EUR_USD,1768892845.0,1.16641,1.16657,1.16649
EUR_USD,1768892850.0,1.16641,1.16657,1.16649
EUR_USD,1768892855.0,1.16636,1.16652,1.16644
EUR_USD,1768892860.0,1.16635,1.16651,1.16643
EUR_USD,1768892865.0,1.16635,1.16652,1.16643
EUR_USD,1768892870.0,1.16639,1.16654,1.16647
EUR_USD,1768892875.0,1.16640,1.16657,1.16649
EUR_USD,1768892880.0,1.16642,1.16659,1.16650
EUR_USD,1768892885.0,1.16637,1.16653,1.16645
EUR_USD,1768892890.0,1.16641,1.16658,1.16649
EUR_USD,1768892895.0,1.16642,1.16657,1.16650
EUR_USD,1768892900.0,1.16640,1.16657,1.16649
EUR_USD,1768892905.0,1.16641,1.16657,1.16649
EUR_USD,1768892910.0,1.16643,1.16660,1.16651
EUR_USD,1768892915.0,1.16641,1.16657,1.16649
EUR_USD,1768892920.0,1.16648,1.16663,1.16656
EUR_USD,1768892925.0,1.16649,1.16664,1.16656
EUR_USD,1768892930.0,1.16656,1.16672,1.16664
EUR_USD,1768892935.0,1.16652,1.16666,1.16659
EUR_USD,1768892940.0,1.16654,1.16668,1.16661
EUR_USD,1768892945.0,1.16657,1.16671,1.16664
EUR_USD,1768892950.0,1.16658,1.16672,1.16665
EUR_USD,1768892955.0,1.16658,1.16673,1.16665
EUR_USD,1768892960.0,1.16659,1.16674,1.16667
EUR_USD,1768892965.0,1.16662,1.16678,1.16670
EUR_USD,1768892970.0,1.16657,1.16672,1.16664
EUR_USD,1768892975.0,1.16658,1.16673,1.16665
EUR_USD,1768892980.0,1.16658,1.16673,1.16665
EUR_USD,1768892985.0,1.16659,1.16674,1.16667
EUR_USD,1768892990.0,1.16658,1.16673,1.16665
EUR_USD,1768892995.0,1.16662,1.16678,1.16670
EUR_USD,1768893000.0,1.16662,1.16677,1.16670
EUR_USD,1768893005.0,1.16661,1.16677,1.16669
EUR_USD,1768893010.0,1.16662,1.16676,1.16669
EUR_USD,1768893015.0,1.16661,1.16676,1.16668
EUR_USD,1768893020.0,1.16661,1.16676,1.16668
EUR_USD,1768893025.0,1.16662,1.16678,1.16670
EUR_USD,1768893030.0,1.16661,1.16677,1.16669
EUR_USD,1768893035.0,1.16660,1.16676,1.16668
EUR_USD,1768893040.0,1.16660,1.16676,1.16668
EUR_USD,1768893045.0,1.16661,1.16676,1.16668
EUR_USD,1768893050.0,1.16660,1.16677,1.16669
EUR_USD,1768893055.0,1.16660,1.16678,1.16669
EUR_USD,1768893060.0,1.16661,1.16677,1.16669
EUR_USD,1768893065.0,1.16661,1.16677,1.16669
EUR_USD,1768893070.0,1.16662,1.16678,1.16670
EUR_USD,1768893075.0,1.16663,1.16677,1.16670
EUR_USD,1768893080.0,1.16660,1.16676,1.16668
EUR_USD,1768893085.0,1.16659,1.16676,1.16668
EUR_USD,1768893090.0,1.16661,1.16677,1.16669
EUR_USD,1768893095.0,1.16661,1.16677,1.16669
EUR_USD,1768893100.0,1.16663,1.16680,1.16671
EUR_USD,1768893105.0,1.16677,1.16694,1.16685
EUR_USD,1768893110.0,1.16676,1.16693,1.16684
EUR_USD,1768893115.0,1.16676,1.16693,1.16684
EUR_USD,1768893120.0,1.16675,1.16692,1.16683
EUR_USD,1768893125.0,1.16680,1.16696,1.16688
EUR_USD,1768893130.0,1.16681,1.16696,1.16688
EUR_USD,1768893135.0,1.16679,1.16695,1.16687
EUR_USD,1768893140.0,1.16680,1.16697,1.16689
EUR_USD,1768893145.0,1.16673,1.16690,1.16682
EUR_USD,1768893150.0,1.16675,1.16692,1.16683
EUR_USD,1768893155.0,1.16674,1.16692,1.16683
EUR_USD,1768893160.0,1.16676,1.16693,1.16684
EUR_USD,1768893165.0,1.16676,1.16692,1.16684
EUR_USD,1768893170.0,1.16679,1.16695,1.16687
EUR_USD,1768893175.0,1.16680,1.16696,1.16688
EUR_USD,1768893180.0,1.16677,1.16693,1.16685
EUR_USD,1768893185.0,1.16676,1.16692,1.16684
EUR_USD,1768893190.0,1.16671,1.16688,1.16680
EUR_USD,1768893195.0,1.16667,1.16684,1.16676
EUR_USD,1768893200.0,1.16667,1.16684,1.16676
EUR_USD,1768893205.0,1.16670,1.16686,1.16678
EUR_USD,1768893210.0,1.16665,1.16680,1.16673
EUR_USD,1768893215.0,1.16669,1.16686,1.16677
EUR_USD,1768893220.0,1.16670,1.16687,1.16678
EUR_USD,1768893225.0,1.16670,1.16686,1.16678
EUR_USD,1768893230.0,1.16666,1.16682,1.16674
EUR_USD,1768893235.0,1.16665,1.16681,1.16673
EUR_USD,1768893240.0,1.16665,1.16681,1.16673
EUR_USD,1768893245.0,1.16661,1.16676,1.16668
EUR_USD,1768893250.0,1.16665,1.16682,1.16674
EUR_USD,1768893255.0,1.16665,1.16681,1.16673
EUR_USD,1768893260.0,1.16663,1.16679,1.16671
EUR_USD,1768893265.0,1.16664,1.16681,1.16673
EUR_USD,1768893270.0,1.16665,1.16680,1.16673
EUR_USD,1768893275.0,1.16667,1.16681,1.16674
EUR_USD,1768893280.0,1.16666,1.16682,1.16674
EUR_USD,1768893285.0,1.16666,1.16681,1.16674
EUR_USD,1768893290.0,1.16666,1.16682,1.16674
EUR_USD,1768893295.0,1.16665,1.16681,1.16673
EUR_USD,1768893300.0,1.16665,1.16681,1.16673
EUR_USD,1768893305.0,1.16666,1.16682,1.16674
EUR_USD,1768893310.0,1.16670,1.16686,1.16678
EUR_USD,1768893315.0,1.16669,1.16685,1.16677
EUR_USD,1768893320.0,1.16669,1.16685,1.16677
EUR_USD,1768893325.0,1.16676,1.16692,1.16684
EUR_USD,1768893330.0,1.16673,1.16691,1.16682
EUR_USD,1768893335.0,1.16677,1.16694,1.16685
EUR_USD,1768893340.0,1.16677,1.16693,1.16685
EUR_USD,1768893345.0,1.16677,1.16692,1.16684
EUR_USD,1768893350.0,1.16677,1.16692,1.16684
EUR_USD,1768893355.0,1.16676,1.16692,1.16684
EUR_USD,1768893360.0,1.16679,1.16695,1.16687
EUR_USD,1768893365.0,1.16678,1.16694,1.16686
EUR_USD,1768893370.0,1.16676,1.16692,1.16684
EUR_USD,1768893375.0,1.16675,1.16692,1.16683
EUR_USD,1768893380.0,1.16675,1.16691,1.16683
EUR_USD,1768893385.0,1.16676,1.16692,1.16684
EUR_USD,1768893390.0,1.16677,1.16692,1.16684
EUR_USD,1768893395.0,1.16676,1.16692,1.16684
EUR_USD,1768893400.0,1.16677,1.16692,1.16684
EUR_USD,1768893405.0,1.16677,1.16692,1.16684
EUR_USD,1768893410.0,1.16681,1.16696,1.16688
EUR_USD,1768893415.0,1.16681,1.16697,1.16689
EUR_USD,1768893420.0,1.16681,1.16696,1.16688
EUR_USD,1768893425.0,1.16681,1.16697,1.16689
EUR_USD,1768893430.0,1.16682,1.16697,1.16690
EUR_USD,1768893435.0,1.16682,1.16697,1.16690
EUR_USD,1768893440.0,1.16680,1.16696,1.16688
EUR_USD,1768893445.0,1.16679,1.16696,1.16688
EUR_USD,1768893450.0,1.16680,1.16696,1.16688
EUR_USD,1768893455.0,1.16680,1.16695,1.16688
EUR_USD,1768893460.0,1.16681,1.16697,1.16689
EUR_USD,1768893465.0,1.16700,1.16716,1.16708
EUR_USD,1768893470.0,1.16695,1.16712,1.16703
EUR_USD,1768893475.0,1.16700,1.16716,1.16708
EUR_USD,1768893480.0,1.16699,1.16717,1.16708
EUR_USD,1768893485.0,1.16706,1.16722,1.16714
EUR_USD,1768893490.0,1.16706,1.16722,1.16714
EUR_USD,1768893495.0,1.16706,1.16722,1.16714
EUR_USD,1768893500.0,1.16708,1.16724,1.16716
EUR_USD,1768893505.0,1.16704,1.16719,1.16711
EUR_USD,1768893510.0,1.16707,1.16723,1.16715
EUR_USD,1768893515.0,1.16711,1.16727,1.16719
EUR_USD,1768893520.0,1.16711,1.16726,1.16718
EUR_USD,1768893525.0,1.16708,1.16724,1.16716
EUR_USD,1768893530.0,1.16704,1.16719,1.16711
EUR_USD,1768893535.0,1.16702,1.16718,1.16710
EUR_USD,1768893540.0,1.16701,1.16717,1.16709
EUR_USD,1768893545.0,1.16701,1.16716,1.16709
EUR_USD,1768893550.0,1.16699,1.16715,1.16707
EUR_USD,1768893555.0,1.16700,1.16716,1.16708
EUR_USD,1768893560.0,1.16707,1.16722,1.16715
EUR_USD,1768893565.0,1.16706,1.16722,1.16714
EUR_USD,1768893570.0,1.16709,1.16725,1.16717
EUR_USD,1768893575.0,1.16704,1.16719,1.16711
EUR_USD,1768893580.0,1.16707,1.16724,1.16716
EUR_USD,1768893585.0,1.16707,1.16721,1.16714
EUR_USD,1768893590.0,1.16708,1.16723,1.16715
EUR_USD,1768893595.0,1.16706,1.16723,1.16715
EUR_USD,1768893600.0,1.16702,1.16718,1.16710
EUR_USD,1768893605.0,1.16705,1.16720,1.16712
EUR_USD,1768893610.0,1.16706,1.16722,1.16714
EUR_USD,1768893615.0,1.16698,1.16713,1.16705
EUR_USD,1768893620.0,1.16697,1.16712,1.16704
EUR_USD,1768893625.0,1.16698,1.16713,1.16705
EUR_USD,1768893630.0,1.16698,1.16714,1.16706
EUR_USD,1768893635.0,1.16695,1.16711,1.16703
EUR_USD,1768893640.0,1.16689,1.16706,1.16697
EUR_USD,1768893645.0,1.16692,1.16707,1.16700
EUR_USD,1768893650.0,1.16699,1.16715,1.16707
EUR_USD,1768893655.0,1.16700,1.16715,1.16708
EUR_USD,1768893660.0,1.16703,1.16719,1.16711
EUR_USD,1768893665.0,1.16704,1.16720,1.16712
EUR_USD,1768893670.0,1.16706,1.16721,1.16714
EUR_USD,1768893675.0,1.16707,1.16724,1.16716
EUR_USD,1768893680.0,1.16704,1.16721,1.16712
EUR_USD,1768893685.0,1.16709,1.16726,1.16717
EUR_USD,1768893690.0,1.16708,1.16723,1.16715
EUR_USD,1768893695.0,1.16709,1.16726,1.16717
EUR_USD,1768893700.0,1.16709,1.16726,1.16717
EUR_USD,1768893705.0,1.16708,1.16724,1.16716
EUR_USD,1768893710.0,1.16714,1.16730,1.16722
EUR_USD,1768893715.0,1.16718,1.16734,1.16726
EUR_USD,1768893720.0,1.16722,1.16737,1.16729
EUR_USD,1768893725.0,1.16723,1.16739,1.16731
EUR_USD,1768893730.0,1.16727,1.16744,1.16736
EUR_USD,1768893735.0,1.16734,1.16750,1.16742
EUR_USD,1768893740.0,1.16735,1.16750,1.16743
EUR_USD,1768893745.0,1.16731,1.16747,1.16739
EUR_USD,1768893750.0,1.16732,1.16750,1.16741
EUR_USD,1768893755.0,1.16734,1.16750,1.16742
EUR_USD,1768893760.0,1.16733,1.16749,1.16741
EUR_USD,1768893765.0,1.16737,1.16751,1.16744
EUR_USD,1768893770.0,1.16738,1.16755,1.16746
EUR_USD,1768893775.0,1.16737,1.16754,1.16745
EUR_USD,1768893780.0,1.16740,1.16757,1.16749
EUR_USD,1768893785.0,1.16740,1.16756,1.16748
EUR_USD,1768893790.0,1.16741,1.16757,1.16749
EUR_USD,1768893795.0,1.16741,1.16757,1.16749
EUR_USD,1768893800.0,1.16740,1.16756,1.16748
EUR_USD,1768893805.0,1.16742,1.16757,1.16749
EUR_USD,1768893810.0,1.16759,1.16776,1.16768
EUR_USD,1768893815.0,1.16762,1.16778,1.16770
EUR_USD,1768893820.0,1.16761,1.16776,1.16769
EUR_USD,1768893825.0,1.16762,1.16778,1.16770
EUR_USD,1768893830.0,1.16763,1.16779,1.16771
EUR_USD,1768893835.0,1.16757,1.16772,1.16765
EUR_USD,1768893840.0,1.16758,1.16774,1.16766
EUR_USD,1768893845.0,1.16758,1.16774,1.16766
EUR_USD,1768893850.0,1.16759,1.16775,1.16767
EUR_USD,1768893855.0,1.16758,1.16773,1.16765
EUR_USD,1768893860.0,1.16757,1.16774,1.16765
EUR_USD,1768893865.0,1.16762,1.16778,1.16770
EUR_USD,1768893870.0,1.16762,1.16779,1.16771
EUR_USD,1768893875.0,1.16770,1.16786,1.16778
EUR_USD,1768893880.0,1.16764,1.16782,1.16773
EUR_USD,1768893885.0,1.16767,1.16784,1.16776
EUR_USD,1768893890.0,1.16765,1.16782,1.16773
EUR_USD,1768893895.0,1.16770,1.16786,1.16778
EUR_USD,1768893900.0,1.16781,1.16798,1.16790
EUR_USD,1768893905.0,1.16773,1.16790,1.16782
EUR_USD,1768893910.0,1.16774,1.16790,1.16782
EUR_USD,1768893915.0,1.16762,1.16777,1.16770
EUR_USD,1768893920.0,1.16769,1.16786,1.16777
EUR_USD,1768893925.0,1.16767,1.16782,1.16775
EUR_USD,1768893930.0,1.16769,1.16784,1.16776
EUR_USD,1768893935.0,1.16768,1.16783,1.16776
EUR_USD,1768893940.0,1.16765,1.16782,1.16773
EUR_USD,1768893945.0,1.16767,1.16782,1.16775
EUR_USD,1768893950.0,1.16766,1.16782,1.16774
EUR_USD,1768893955.0,1.16766,1.16782,1.16774
EUR_USD,1768893960.0,1.16764,1.16780,1.16772
EUR_USD,1768893965.0,1.16764,1.16780,1.16772
EUR_USD,1768893970.0,1.16764,1.16779,1.16772
EUR_USD,1768893975.0,1.16759,1.16775,1.16767
EUR_USD,1768893980.0,1.16751,1.16768,1.16759
EUR_USD,1768893985.0,1.16752,1.16768,1.16760
EUR_USD,1768893990.0,1.16758,1.16775,1.16766
EUR_USD,1768893995.0,1.16760,1.16776,1.16768
EUR_USD,1768894000.0,1.16755,1.16772,1.16764
EUR_USD,1768894005.0,1.16755,1.16772,1.16764
EUR_USD,1768894010.0,1.16755,1.16772,1.16764
EUR_USD,1768894015.0,1.16752,1.16769,1.16761
EUR_USD,1768894020.0,1.16750,1.16765,1.16758
EUR_USD,1768894025.0,1.16748,1.16764,1.16756
EUR_USD,1768894030.0,1.16741,1.16758,1.16750
EUR_USD,1768894035.0,1.16743,1.16757,1.16750
EUR_USD,1768894040.0,1.16737,1.16753,1.16745
EUR_USD,1768894045.0,1.16737,1.16753,1.16745
EUR_USD,1768894050.0,1.16736,1.16752,1.16744
EUR_USD,1768894055.0,1.16734,1.16749,1.16742
EUR_USD,1768894060.0,1.16731,1.16746,1.16738
EUR_USD,1768894065.0,1.16732,1.16747,1.16739
EUR_USD,1768894070.0,1.16731,1.16746,1.16738
EUR_USD,1768894075.0,1.16732,1.16747,1.16739
EUR_USD,1768894080.0,1.16732,1.16748,1.16740
EUR_USD,1768894085.0,1.16734,1.16748,1.16741
EUR_USD,1768894090.0,1.16738,1.16752,1.16745
EUR_USD,1768894095.0,1.16737,1.16753,1.16745
EUR_USD,1768894100.0,1.16742,1.16758,1.16750
EUR_USD,1768894105.0,1.16746,1.16762,1.16754
EUR_USD,1768894110.0,1.16746,1.16761,1.16753
EUR_USD,1768894115.0,1.16743,1.16759,1.16751
EUR_USD,1768894120.0,1.16745,1.16760,1.16752
EUR_USD,1768894125.0,1.16747,1.16761,1.16754
EUR_USD,1768894130.0,1.16747,1.16761,1.16754
EUR_USD,1768894135.0,1.16743,1.16757,1.16750
EUR_USD,1768894140.0,1.16741,1.16756,1.16749
EUR_USD,1768894145.0,1.16742,1.16756,1.16749
EUR_USD,1768894150.0,1.16742,1.16756,1.16749
EUR_USD,1768894155.0,1.16745,1.16759,1.16752
EUR_USD,1768894160.0,1.16745,1.16759,1.16752
EUR_USD,1768894165.0,1.16752,1.16766,1.16759
EUR_USD,1768894170.0,1.16753,1.16767,1.16760
EUR_USD,1768894175.0,1.16754,1.16768,1.16761
EUR_USD,1768894180.0,1.16753,1.16767,1.16760
EUR_USD,1768894185.0,1.16754,1.16768,1.16761
EUR_USD,1768894190.0,1.16752,1.16766,1.16759
EUR_USD,1768894195.0,1.16752,1.16766,1.16759
EUR_USD,1768894200.0,1.16752,1.16766,1.16759
EUR_USD,1768894205.0,1.16753,1.16767,1.16760
EUR_USD,1768894210.0,1.16759,1.16773,1.16766
EUR_USD,1768894215.0,1.16758,1.16772,1.16765
EUR_USD,1768894220.0,1.16755,1.16770,1.16763
EUR_USD,1768894225.0,1.16758,1.16773,1.16765
EUR_USD,1768894230.0,1.16757,1.16771,1.16764
EUR_USD,1768894235.0,1.16757,1.16771,1.16764
EUR_USD,1768894240.0,1.16755,1.16771,1.16763
EUR_USD,1768894245.0,1.16754,1.16770,1.16762
EUR_USD,1768894250.0,1.16755,1.16770,1.16763
EUR_USD,1768894255.0,1.16755,1.16770,1.16763
EUR_USD,1768894260.0,1.16754,1.16769,1.16762
EUR_USD,1768894265.0,1.16753,1.16769,1.16761
EUR_USD,1768894270.0,1.16760,1.16776,1.16768
EUR_USD,1768894275.0,1.16761,1.16778,1.16770
EUR_USD,1768894280.0,1.16761,1.16777,1.16769
EUR_USD,1768894285.0,1.16761,1.16777,1.16769
EUR_USD,1768894290.0,1.16767,1.16783,1.16775
EUR_USD,1768894295.0,1.16765,1.16782,1.16773
EUR_USD,1768894300.0,1.16767,1.16782,1.16775
EUR_USD,1768894305.0,1.16767,1.16781,1.16774
EUR_USD,1768894310.0,1.16766,1.16782,1.16774
EUR_USD,1768894315.0,1.16763,1.16780,1.16771
EUR_USD,1768894320.0,1.16763,1.16780,1.16771
EUR_USD,1768894325.0,1.16763,1.16781,1.16772
EUR_USD,1768894330.0,1.16761,1.16777,1.16769
EUR_USD,1768894335.0,1.16764,1.16781,1.16772
EUR_USD,1768894340.0,1.16765,1.16780,1.16772
EUR_USD,1768894345.0,1.16765,1.16780,1.16772
EUR_USD,1768894350.0,1.16765,1.16780,1.16772
EUR_USD,1768894355.0,1.16764,1.16780,1.16772
EUR_USD,1768894360.0,1.16770,1.16786,1.16778
EUR_USD,1768894365.0,1.16782,1.16796,1.16789
EUR_USD,1768894370.0,1.16782,1.16799,1.16791
EUR_USD,1768894375.0,1.16781,1.16798,1.16790
EUR_USD,1768894380.0,1.16785,1.16802,1.16793
EUR_USD,1768894385.0,1.16796,1.16813,1.16804
EUR_USD,1768894390.0,1.16801,1.16817,1.16809
EUR_USD,1768894395.0,1.16811,1.16829,1.16820
EUR_USD,1768894400.0,1.16811,1.16828,1.16819
EUR_USD,1768894405.0,1.16813,1.16830,1.16822
EUR_USD,1768894410.0,1.16820,1.16837,1.16829
EUR_USD,1768894415.0,1.16818,1.16834,1.16826
EUR_USD,1768894420.0,1.16830,1.16847,1.16838
EUR_USD,1768894425.0,1.16836,1.16853,1.16845
EUR_USD,1768894430.0,1.16840,1.16856,1.16848
EUR_USD,1768894435.0,1.16837,1.16854,1.16845
EUR_USD,1768894440.0,1.16853,1.16868,1.16860
EUR_USD,1768894445.0,1.16842,1.16859,1.16851
EUR_USD,1768894450.0,1.16857,1.16874,1.16865
EUR_USD,1768894455.0,1.16859,1.16876,1.16867
EUR_USD,1768894460.0,1.16859,1.16873,1.16866
EUR_USD,1768894465.0,1.16867,1.16884,1.16875
EUR_USD,1768894470.0,1.16868,1.16884,1.16876
EUR_USD,1768894475.0,1.16866,1.16884,1.16875
EUR_USD,1768894480.0,1.16867,1.16883,1.16875
EUR_USD,1768894485.0,1.16870,1.16885,1.16878
EUR_USD,1768894490.0,1.16870,1.16886,1.16878
EUR_USD,1768894495.0,1.16873,1.16888,1.16880
EUR_USD,1768894500.0,1.16873,1.16887,1.16880
EUR_USD,1768894505.0,1.16871,1.16885,1.16878
EUR_USD,1768894510.0,1.16876,1.16892,1.16884
EUR_USD,1768894515.0,1.16870,1.16885,1.16878
EUR_USD,1768894520.0,1.16859,1.16874,1.16866
EUR_USD,1768894525.0,1.16855,1.16870,1.16863
EUR_USD,1768894530.0,1.16863,1.16877,1.16870
EUR_USD,1768894535.0,1.16865,1.16881,1.16873
EUR_USD,1768894540.0,1.16871,1.16887,1.16879
EUR_USD,1768894545.0,1.16880,1.16895,1.16887
EUR_USD,1768894550.0,1.16876,1.16892,1.16884
EUR_USD,1768894555.0,1.16877,1.16892,1.16885
EUR_USD,1768894560.0,1.16890,1.16905,1.16898
EUR_USD,1768894565.0,1.16883,1.16898,1.16891
EUR_USD,1768894570.0,1.16881,1.16896,1.16888
EUR_USD,1768894575.0,1.16881,1.16895,1.16888
EUR_USD,1768894580.0,1.16880,1.16896,1.16888
EUR_USD,1768894585.0,1.16882,1.16896,1.16889
EUR_USD,1768894590.0,1.16880,1.16897,1.16888
EUR_USD,1768894595.0,1.16880,1.16897,1.16888
EUR_USD,1768894600.0,1.16876,1.16893,1.16885
EUR_USD,1768894605.0,1.16877,1.16893,1.16885
EUR_USD,1768894610.0,1.16875,1.16892,1.16884
EUR_USD,1768894615.0,1.16876,1.16893,1.16885
EUR_USD,1768894620.0,1.16877,1.16892,1.16885
EUR_USD,1768894625.0,1.16877,1.16892,1.16885
EUR_USD,1768894630.0,1.16876,1.16892,1.16884
EUR_USD,1768894635.0,1.16875,1.16889,1.16882
EUR_USD,1768894640.0,1.16874,1.16889,1.16881
EUR_USD,1768894645.0,1.16880,1.16896,1.16888
EUR_USD,1768894650.0,1.16880,1.16896,1.16888
EUR_USD,1768894655.0,1.16882,1.16897,1.16890
EUR_USD,1768894660.0,1.16881,1.16896,1.16888
EUR_USD,1768894665.0,1.16878,1.16893,1.16885
EUR_USD,1768894670.0,1.16880,1.16894,1.16887
EUR_USD,1768894675.0,1.16881,1.16895,1.16888
EUR_USD,1768894680.0,1.16884,1.16899,1.16892
EUR_USD,1768894685.0,1.16890,1.16906,1.16898
EUR_USD,1768894690.0,1.16885,1.16900,1.16892
EUR_USD,1768894695.0,1.16887,1.16901,1.16894
EUR_USD,1768894700.0,1.16885,1.16900,1.16892
EUR_USD,1768894705.0,1.16889,1.16904,1.16897
EUR_USD,1768894710.0,1.16886,1.16900,1.16893
EUR_USD,1768894715.0,1.16891,1.16907,1.16899
EUR_USD,1768894720.0,1.16891,1.16907,1.16899
EUR_USD,1768894725.0,1.16889,1.16904,1.16897
EUR_USD,1768894730.0,1.16892,1.16907,1.16900
EUR_USD,1768894735.0,1.16889,1.16905,1.16897
EUR_USD,1768894740.0,1.16891,1.16907,1.16899
EUR_USD,1768894745.0,1.16891,1.16907,1.16899
EUR_USD,1768894750.0,1.16885,1.16903,1.16894
EUR_USD,1768894755.0,1.16885,1.16902,1.16893
EUR_USD,1768894760.0,1.16885,1.16902,1.16893
EUR_USD,1768894765.0,1.16885,1.16902,1.16893
EUR_USD,1768894770.0,1.16884,1.16900,1.16892
EUR_USD,1768894775.0,1.16885,1.16901,1.16893
EUR_USD,1768894780.0,1.16890,1.16906,1.16898
EUR_USD,1768894785.0,1.16892,1.16907,1.16900
EUR_USD,1768894790.0,1.16894,1.16908,1.16901
EUR_USD,1768894795.0,1.16896,1.16910,1.16903
EUR_USD,1768894800.0,1.16899,1.16914,1.16907
EUR_USD,1768894805.0,1.16896,1.16912,1.16904
EUR_USD,1768894810.0,1.16898,1.16913,1.16905
EUR_USD,1768894815.0,1.16897,1.16914,1.16906
EUR_USD,1768894820.0,1.16908,1.16925,1.16917
EUR_USD,1768894825.0,1.16910,1.16926,1.16918
EUR_USD,1768894830.0,1.16916,1.16932,1.16924
EUR_USD,1768894835.0,1.16915,1.16930,1.16922
EUR_USD,1768894840.0,1.16921,1.16938,1.16929
EUR_USD,1768894845.0,1.16924,1.16941,1.16933
EUR_USD,1768894850.0,1.16918,1.16934,1.16926
EUR_USD,1768894855.0,1.16913,1.16930,1.16921
EUR_USD,1768894860.0,1.16907,1.16924,1.16915
EUR_USD,1768894865.0,1.16902,1.16919,1.16911
EUR_USD,1768894870.0,1.16904,1.16922,1.16913
EUR_USD,1768894875.0,1.16900,1.16916,1.16908
EUR_USD,1768894880.0,1.16900,1.16917,1.16908
EUR_USD,1768894885.0,1.16909,1.16927,1.16918
EUR_USD,1768894890.0,1.16910,1.16927,1.16919
EUR_USD,1768894895.0,1.16910,1.16927,1.16919
EUR_USD,1768894900.0,1.16904,1.16920,1.16912
EUR_USD,1768894905.0,1.16895,1.16912,1.16904
EUR_USD,1768894910.0,1.16892,1.16909,1.16900
EUR_USD,1768894915.0,1.16892,1.16909,1.16900
EUR_USD,1768894920.0,1.16916,1.16931,1.16924
EUR_USD,1768894925.0,1.16923,1.16939,1.16931
EUR_USD,1768894930.0,1.16921,1.16937,1.16929
EUR_USD,1768894935.0,1.16922,1.16939,1.16931
EUR_USD,1768894940.0,1.16923,1.16938,1.16931
EUR_USD,1768894945.0,1.16929,1.16943,1.16936
EUR_USD,1768894950.0,1.16927,1.16943,1.16935
EUR_USD,1768894955.0,1.16929,1.16944,1.16936
EUR_USD,1768894960.0,1.16928,1.16944,1.16936
EUR_USD,1768894965.0,1.16930,1.16944,1.16937
EUR_USD,1768894970.0,1.16926,1.16942,1.16934
EUR_USD,1768894975.0,1.16928,1.16944,1.16936
EUR_USD,1768894980.0,1.16927,1.16942,1.16934
EUR_USD,1768894985.0,1.16921,1.16937,1.16929
EUR_USD,1768894990.0,1.16921,1.16936,1.16928
EUR_USD,1768894995.0,1.16916,1.16931,1.16924
EUR_USD,1768895000.0,1.16916,1.16931,1.16924
EUR_USD,1768895005.0,1.16919,1.16935,1.16927
EUR_USD,1768895010.0,1.16915,1.16930,1.16922
EUR_USD,1768895015.0,1.16910,1.16926,1.16918
EUR_USD,1768895020.0,1.16905,1.16922,1.16913
EUR_USD,1768895025.0,1.16903,1.16919,1.16911
EUR_USD,1768895030.0,1.16900,1.16916,1.16908
EUR_USD,1768895035.0,1.16907,1.16923,1.16915
EUR_USD,1768895040.0,1.16910,1.16926,1.16918
EUR_USD,1768895045.0,1.16909,1.16926,1.16918
EUR_USD,1768895050.0,1.16911,1.16926,1.16919
EUR_USD,1768895055.0,1.16911,1.16927,1.16919
EUR_USD,1768895060.0,1.16909,1.16925,1.16917
EUR_USD,1768895065.0,1.16909,1.16925,1.16917
EUR_USD,1768895070.0,1.16908,1.16924,1.16916
EUR_USD,1768895075.0,1.16907,1.16923,1.16915
EUR_USD,1768895080.0,1.16917,1.16934,1.16926
EUR_USD,1768895085.0,1.16917,1.16932,1.16925
EUR_USD,1768895090.0,1.16914,1.16930,1.16922
EUR_USD,1768895095.0,1.16914,1.16930,1.16922
EUR_USD,1768895100.0,1.16909,1.16925,1.16917
EUR_USD,1768895105.0,1.16908,1.16924,1.16916
EUR_USD,1768895110.0,1.16903,1.16918,1.16911
EUR_USD,1768895115.0,1.16899,1.16914,1.16907
EUR_USD,1768895120.0,1.16894,1.16910,1.16902
EUR_USD,1768895125.0,1.16892,1.16908,1.16900
EUR_USD,1768895130.0,1.16889,1.16904,1.16897
EUR_USD,1768895135.0,1.16886,1.16901,1.16894
EUR_USD,1768895140.0,1.16903,1.16920,1.16912
EUR_USD,1768895145.0,1.16901,1.16917,1.16909
EUR_USD,1768895150.0,1.16899,1.16916,1.16907
EUR_USD,1768895155.0,1.16907,1.16924,1.16915
EUR_USD,1768895160.0,1.16908,1.16924,1.16916
EUR_USD,1768895165.0,1.16898,1.16913,1.16905
EUR_USD,1768895170.0,1.16896,1.16912,1.16904
EUR_USD,1768895175.0,1.16887,1.16903,1.16895
EUR_USD,1768895180.0,1.16877,1.16892,1.16885
EUR_USD,1768895185.0,1.16880,1.16896,1.16888
EUR_USD,1768895190.0,1.16881,1.16896,1.16888
EUR_USD,1768895195.0,1.16878,1.16893,1.16885
EUR_USD,1768895200.0,1.16883,1.16899,1.16891
EUR_USD,1768895205.0,1.16892,1.16909,1.16900
EUR_USD,1768895210.0,1.16893,1.16909,1.16901
EUR_USD,1768895215.0,1.16877,1.16895,1.16886
EUR_USD,1768895220.0,1.16881,1.16897,1.16889
EUR_USD,1768895225.0,1.16880,1.16896,1.16888
EUR_USD,1768895230.0,1.16879,1.16896,1.16887
EUR_USD,1768895235.0,1.16876,1.16893,1.16885
EUR_USD,1768895240.0,1.16870,1.16887,1.16879
EUR_USD,1768895245.0,1.16868,1.16885,1.16877
EUR_USD,1768895250.0,1.16858,1.16876,1.16867
EUR_USD,1768895255.0,1.16860,1.16875,1.16867
EUR_USD,1768895260.0,1.16857,1.16873,1.16865
EUR_USD,1768895265.0,1.16859,1.16875,1.16867
EUR_USD,1768895270.0,1.16864,1.16880,1.16872
EUR_USD,1768895275.0,1.16877,1.16894,1.16886
EUR_USD,1768895280.0,1.16877,1.16894,1.16886
EUR_USD,1768895285.0,1.16874,1.16890,1.16882
EUR_USD,1768895290.0,1.16878,1.16894,1.16886
EUR_USD,1768895295.0,1.16883,1.16899,1.16891
EUR_USD,1768895300.0,1.16880,1.16896,1.16888
EUR_USD,1768895305.0,1.16879,1.16895,1.16887
EUR_USD,1768895310.0,1.16882,1.16898,1.16890
EUR_USD,1768895315.0,1.16870,1.16887,1.16879
EUR_USD,1768895320.0,1.16870,1.16886,1.16878
EUR_USD,1768895325.0,1.16868,1.16885,1.16877
EUR_USD,1768895330.0,1.16869,1.16884,1.16877
EUR_USD,1768895335.0,1.16871,1.16887,1.16879
EUR_USD,1768895340.0,1.16872,1.16887,1.16880
EUR_USD,1768895345.0,1.16877,1.16892,1.16885
EUR_USD,1768895350.0,1.16880,1.16896,1.16888
EUR_USD,1768895355.0,1.16885,1.16900,1.16892
EUR_USD,1768895360.0,1.16884,1.16899,1.16892
EUR_USD,1768895365.0,1.16883,1.16899,1.16891
EUR_USD,1768895370.0,1.16884,1.16901,1.16893
EUR_USD,1768895375.0,1.16881,1.16896,1.16888
EUR_USD,1768895380.0,1.16883,1.16898,1.16891
EUR_USD,1768895385.0,1.16883,1.16898,1.16891
EUR_USD,1768895390.0,1.16883,1.16899,1.16891
EUR_USD,1768895395.0,1.16882,1.16897,1.16890
EUR_USD,1768895400.0,1.16881,1.16896,1.16888
EUR_USD,1768895405.0,1.16867,1.16883,1.16875
EUR_USD,1768895410.0,1.16873,1.16889,1.16881
EUR_USD,1768895415.0,1.16873,1.16889,1.16881
EUR_USD,1768895420.0,1.16873,1.16889,1.16881
EUR_USD,1768895425.0,1.16868,1.16884,1.16876
EUR_USD,1768895430.0,1.16873,1.16889,1.16881
EUR_USD,1768895435.0,1.16874,1.16889,1.16881
EUR_USD,1768895440.0,1.16873,1.16890,1.16881
EUR_USD,1768895445.0,1.16884,1.16899,1.16892
EUR_USD,1768895450.0,1.16877,1.16893,1.16885
EUR_USD,1768895455.0,1.16873,1.16890,1.16881
EUR_USD,1768895460.0,1.16877,1.16892,1.16885
EUR_USD,1768895465.0,1.16875,1.16890,1.16883
EUR_USD,1768895470.0,1.16872,1.16890,1.16881
EUR_USD,1768895475.0,1.16883,1.16899,1.16891
EUR_USD,1768895480.0,1.16880,1.16897,1.16888
EUR_USD,1768895485.0,1.16876,1.16892,1.16884
EUR_USD,1768895490.0,1.16875,1.16891,1.16883
EUR_USD,1768895495.0,1.16879,1.16894,1.16887
EUR_USD,1768895500.0,1.16869,1.16885,1.16877
EUR_USD,1768895505.0,1.16865,1.16880,1.16873
EUR_USD,1768895510.0,1.16870,1.16884,1.16877
EUR_USD,1768895515.0,1.16871,1.16886,1.16878
EUR_USD,1768895520.0,1.16884,1.16898,1.16891
EUR_USD,1768895525.0,1.16882,1.16898,1.16890
EUR_USD,1768895530.0,1.16884,1.16899,1.16892
EUR_USD,1768895535.0,1.16884,1.16900,1.16892
EUR_USD,1768895540.0,1.16899,1.16913,1.16906
EUR_USD,1768895545.0,1.16891,1.16910,1.16900
EUR_USD,1768895550.0,1.16890,1.16906,1.16898
EUR_USD,1768895555.0,1.16888,1.16904,1.16896
EUR_USD,1768895560.0,1.16881,1.16898,1.16890
EUR_USD,1768895565.0,1.16883,1.16899,1.16891
EUR_USD,1768895570.0,1.16883,1.16899,1.16891
EUR_USD,1768895575.0,1.16881,1.16898,1.16890
EUR_USD,1768895580.0,1.16887,1.16904,1.16895
EUR_USD,1768895585.0,1.16893,1.16910,1.16901
EUR_USD,1768895590.0,1.16890,1.16906,1.16898
EUR_USD,1768895595.0,1.16887,1.16903,1.16895
EUR_USD,1768895600.0,1.16887,1.16903,1.16895
EUR_USD,1768895605.0,1.16884,1.16900,1.16892
EUR_USD,1768895610.0,1.16883,1.16899,1.16891
EUR_USD,1768895615.0,1.16890,1.16906,1.16898
EUR_USD,1768895620.0,1.16888,1.16905,1.16897
EUR_USD,1768895625.0,1.16883,1.16900,1.16892
EUR_USD,1768895630.0,1.16883,1.16899,1.16891
EUR_USD,1768895635.0,1.16884,1.16900,1.16892
EUR_USD,1768895640.0,1.16884,1.16900,1.16892
EUR_USD,1768895645.0,1.16880,1.16896,1.16888
EUR_USD,1768895650.0,1.16879,1.16896,1.16887
EUR_USD,1768895655.0,1.16875,1.16890,1.16883
EUR_USD,1768895660.0,1.16872,1.16890,1.16881
EUR_USD,1768895665.0,1.16873,1.16889,1.16881
EUR_USD,1768895670.0,1.16874,1.16890,1.16882
EUR_USD,1768895675.0,1.16872,1.16888,1.16880
EUR_USD,1768895680.0,1.16871,1.16888,1.16879
EUR_USD,1768895685.0,1.16871,1.16887,1.16879
EUR_USD,1768895690.0,1.16875,1.16891,1.16883
EUR_USD,1768895695.0,1.16876,1.16892,1.16884
EUR_USD,1768895700.0,1.16882,1.16898,1.16890
EUR_USD,1768895705.0,1.16883,1.16900,1.16892
EUR_USD,1768895710.0,1.16882,1.16898,1.16890
EUR_USD,1768895715.0,1.16883,1.16900,1.16892
EUR_USD,1768895720.0,1.16890,1.16907,1.16899
EUR_USD,1768895725.0,1.16890,1.16907,1.16899
EUR_USD,1768895730.0,1.16890,1.16906,1.16898
EUR_USD,1768895735.0,1.16894,1.16910,1.16902
EUR_USD,1768895740.0,1.16898,1.16914,1.16906
EUR_USD,1768895745.0,1.16898,1.16914,1.16906
EUR_USD,1768895750.0,1.16912,1.16928,1.16920
EUR_USD,1768895755.0,1.16913,1.16929,1.16921
EUR_USD,1768895760.0,1.16913,1.16928,1.16921
EUR_USD,1768895765.0,1.16904,1.16920,1.16912
EUR_USD,1768895770.0,1.16905,1.16922,1.16913
EUR_USD,1768895775.0,1.16904,1.16921,1.16913
EUR_USD,1768895780.0,1.16901,1.16917,1.16909
EUR_USD,1768895785.0,1.16897,1.16913,1.16905
EUR_USD,1768895790.0,1.16898,1.16913,1.16905
EUR_USD,1768895795.0,1.16906,1.16921,1.16914
EUR_USD,1768895800.0,1.16902,1.16917,1.16909
EUR_USD,1768895805.0,1.16899,1.16914,1.16907
EUR_USD,1768895810.0,1.16888,1.16904,1.16896
EUR_USD,1768895815.0,1.16885,1.16901,1.16893
EUR_USD,1768895820.0,1.16888,1.16905,1.16897
EUR_USD,1768895825.0,1.16890,1.16904,1.16897
EUR_USD,1768895830.0,1.16880,1.16896,1.16888
EUR_USD,1768895835.0,1.16879,1.16895,1.16887
EUR_USD,1768895840.0,1.16880,1.16896,1.16888
EUR_USD,1768895845.0,1.16873,1.16889,1.16881
EUR_USD,1768895850.0,1.16877,1.16893,1.16885
EUR_USD,1768895855.0,1.16870,1.16886,1.16878
EUR_USD,1768895860.0,1.16869,1.16886,1.16878
EUR_USD,1768895865.0,1.16865,1.16881,1.16873
EUR_USD,1768895870.0,1.16861,1.16877,1.16869
EUR_USD,1768895875.0,1.16861,1.16877,1.16869
EUR_USD,1768895880.0,1.16869,1.16886,1.16878
EUR_USD,1768895885.0,1.16877,1.16893,1.16885
EUR_USD,1768895890.0,1.16875,1.16891,1.16883
EUR_USD,1768895895.0,1.16880,1.16896,1.16888
EUR_USD,1768895900.0,1.16882,1.16898,1.16890
EUR_USD,1768895905.0,1.16885,1.16902,1.16893
EUR_USD,1768895910.0,1.16882,1.16898,1.16890
EUR_USD,1768895915.0,1.16883,1.16899,1.16891
EUR_USD,1768895920.0,1.16883,1.16900,1.16892
EUR_USD,1768895925.0,1.16883,1.16900,1.16892
EUR_USD,1768895930.0,1.16882,1.16899,1.16891
EUR_USD,1768895935.0,1.16889,1.16906,1.16898
EUR_USD,1768895940.0,1.16884,1.16900,1.16892
EUR_USD,1768895945.0,1.16885,1.16901,1.16893
EUR_USD,1768895950.0,1.16887,1.16904,1.16895
EUR_USD,1768895955.0,1.16887,1.16904,1.16895
EUR_USD,1768895960.0,1.16887,1.16903,1.16895
EUR_USD,1768895965.0,1.16889,1.16905,1.16897
EUR_USD,1768895970.0,1.16892,1.16908,1.16900
EUR_USD,1768895975.0,1.16889,1.16905,1.16897
EUR_USD,1768895980.0,1.16882,1.16899,1.16891
EUR_USD,1768895985.0,1.16879,1.16896,1.16887
EUR_USD,1768895990.0,1.16880,1.16896,1.16888
EUR_USD,1768895995.0,1.16879,1.16896,1.16887
EUR_USD,1768896000.0,1.16876,1.16893,1.16885
EUR_USD,1768896005.0,1.16872,1.16889,1.16880
EUR_USD,1768896010.0,1.16874,1.16890,1.16882
EUR_USD,1768896015.0,1.16872,1.16889,1.16880
EUR_USD,1768896020.0,1.16871,1.16889,1.16880
EUR_USD,1768896025.0,1.16868,1.16885,1.16877
EUR_USD,1768896030.0,1.16874,1.16890,1.16882
EUR_USD,1768896035.0,1.16877,1.16894,1.16886
EUR_USD,1768896040.0,1.16881,1.16897,1.16889
EUR_USD,1768896045.0,1.16876,1.16893,1.16885
EUR_USD,1768896050.0,1.16876,1.16892,1.16884
EUR_USD,1768896055.0,1.16881,1.16896,1.16888
EUR_USD,1768896060.0,1.16879,1.16894,1.16887
EUR_USD,1768896065.0,1.16876,1.16894,1.16885
EUR_USD,1768896070.0,1.16877,1.16893,1.16885
EUR_USD,1768896075.0,1.16878,1.16894,1.16886
EUR_USD,1768896080.0,1.16891,1.16907,1.16899
EUR_USD,1768896085.0,1.16883,1.16899,1.16891
EUR_USD,1768896090.0,1.16882,1.16897,1.16890
EUR_USD,1768896095.0,1.16882,1.16898,1.16890
EUR_USD,1768896100.0,1.16882,1.16898,1.16890
EUR_USD,1768896105.0,1.16889,1.16904,1.16897
EUR_USD,1768896110.0,1.16879,1.16896,1.16887
EUR_USD,1768896115.0,1.16879,1.16895,1.16887
EUR_USD,1768896120.0,1.16886,1.16901,1.16894
EUR_USD,1768896125.0,1.16886,1.16901,1.16894
EUR_USD,1768896130.0,1.16891,1.16907,1.16899
EUR_USD,1768896135.0,1.16893,1.16909,1.16901
EUR_USD,1768896140.0,1.16892,1.16909,1.16900
EUR_USD,1768896145.0,1.16889,1.16906,1.16898
EUR_USD,1768896150.0,1.16906,1.16923,1.16914
EUR_USD,1768896155.0,1.16905,1.16920,1.16912
EUR_USD,1768896160.0,1.16899,1.16915,1.16907
EUR_USD,1768896165.0,1.16888,1.16906,1.16897
EUR_USD,1768896170.0,1.16896,1.16912,1.16904
EUR_USD,1768896175.0,1.16899,1.16915,1.16907
EUR_USD,1768896180.0,1.16903,1.16918,1.16911
EUR_USD,1768896185.0,1.16901,1.16918,1.16909
EUR_USD,1768896190.0,1.16902,1.16918,1.16910
EUR_USD,1768896195.0,1.16902,1.16918,1.16910
EUR_USD,1768896200.0,1.16902,1.16918,1.16910
EUR_USD,1768896205.0,1.16906,1.16923,1.16914
EUR_USD,1768896210.0,1.16897,1.16914,1.16906
EUR_USD,1768896215.0,1.16896,1.16912,1.16904
EUR_USD,1768896220.0,1.16898,1.16913,1.16905
EUR_USD,1768896225.0,1.16906,1.16921,1.16914
EUR_USD,1768896230.0,1.16911,1.16927,1.16919
EUR_USD,1768896235.0,1.16908,1.16926,1.16917
EUR_USD,1768896240.0,1.16907,1.16925,1.16916
EUR_USD,1768896245.0,1.16918,1.16935,1.16926
EUR_USD,1768896250.0,1.16919,1.16935,1.16927
EUR_USD,1768896255.0,1.16906,1.16924,1.16915
EUR_USD,1768896260.0,1.16910,1.16926,1.16918
EUR_USD,1768896265.0,1.16917,1.16933,1.16925
EUR_USD,1768896270.0,1.16917,1.16933,1.16925
EUR_USD,1768896275.0,1.16914,1.16931,1.16922
EUR_USD,1768896280.0,1.16919,1.16934,1.16926
EUR_USD,1768896285.0,1.16918,1.16933,1.16926
EUR_USD,1768896290.0,1.16919,1.16935,1.16927
EUR_USD,1768896295.0,1.16916,1.16932,1.16924
EUR_USD,1768896300.0,1.16913,1.16928,1.16921
EUR_USD,1768896305.0,1.16920,1.16936,1.16928
EUR_USD,1768896310.0,1.16908,1.16925,1.16917
EUR_USD,1768896315.0,1.16908,1.16925,1.16917
EUR_USD,1768896320.0,1.16904,1.16921,1.16913
EUR_USD,1768896325.0,1.16903,1.16919,1.16911
EUR_USD,1768896330.0,1.16907,1.16924,1.16915
EUR_USD,1768896335.0,1.16903,1.16920,1.16912
EUR_USD,1768896340.0,1.16902,1.16919,1.16911
EUR_USD,1768896345.0,1.16901,1.16917,1.16909
EUR_USD,1768896350.0,1.16903,1.16919,1.16911
EUR_USD,1768896355.0,1.16901,1.16918,1.16909
EUR_USD,1768896360.0,1.16912,1.16928,1.16920
EUR_USD,1768896365.0,1.16912,1.16928,1.16920
EUR_USD,1768896370.0,1.16922,1.16938,1.16930
EUR_USD,1768896375.0,1.16901,1.16918,1.16909
EUR_USD,1768896380.0,1.16901,1.16917,1.16909
EUR_USD,1768896385.0,1.16892,1.16908,1.16900
EUR_USD,1768896390.0,1.16896,1.16912,1.16904
EUR_USD,1768896395.0,1.16897,1.16913,1.16905
EUR_USD,1768896400.0,1.16902,1.16917,1.16909
EUR_USD,1768896405.0,1.16902,1.16918,1.16910
EUR_USD,1768896410.0,1.16902,1.16918,1.16910
EUR_USD,1768896415.0,1.16900,1.16916,1.16908
EUR_USD,1768896420.0,1.16917,1.16933,1.16925
EUR_USD,1768896425.0,1.16920,1.16936,1.16928
EUR_USD,1768896430.0,1.16921,1.16935,1.16928
EUR_USD,1768896435.0,1.16919,1.16935,1.16927
EUR_USD,1768896440.0,1.16917,1.16933,1.16925
EUR_USD,1768896445.0,1.16919,1.16935,1.16927
EUR_USD,1768896450.0,1.16918,1.16934,1.16926
EUR_USD,1768896455.0,1.16912,1.16929,1.16920
EUR_USD,1768896460.0,1.16912,1.16929,1.16920
EUR_USD,1768896465.0,1.16902,1.16917,1.16909
EUR_USD,1768896470.0,1.16903,1.16918,1.16911
EUR_USD,1768896475.0,1.16912,1.16928,1.16920
EUR_USD,1768896480.0,1.16913,1.16929,1.16921
EUR_USD,1768896485.0,1.16910,1.16925,1.16918
EUR_USD,1768896490.0,1.16910,1.16925,1.16918
EUR_USD,1768896495.0,1.16913,1.16929,1.16921
EUR_USD,1768896500.0,1.16922,1.16936,1.16929
EUR_USD,1768896505.0,1.16922,1.16938,1.16930
EUR_USD,1768896510.0,1.16923,1.16940,1.16932
EUR_USD,1768896515.0,1.16929,1.16944,1.16936
EUR_USD,1768896520.0,1.16930,1.16946,1.16938
EUR_USD,1768896525.0,1.16931,1.16946,1.16939
EUR_USD,1768896530.0,1.16941,1.16959,1.16950
EUR_USD,1768896535.0,1.16940,1.16956,1.16948
EUR_USD,1768896540.0,1.16940,1.16957,1.16948
EUR_USD,1768896545.0,1.16939,1.16955,1.16947
EUR_USD,1768896550.0,1.16941,1.16958,1.16949
EUR_USD,1768896555.0,1.16943,1.16959,1.16951
EUR_USD,1768896560.0,1.16949,1.16964,1.16956
EUR_USD,1768896565.0,1.16949,1.16966,1.16958
EUR_USD,1768896570.0,1.16955,1.16972,1.16963
EUR_USD,1768896575.0,1.16956,1.16972,1.16964
EUR_USD,1768896580.0,1.16961,1.16976,1.16968
EUR_USD,1768896585.0,1.16959,1.16976,1.16967
EUR_USD,1768896590.0,1.16964,1.16981,1.16973
EUR_USD,1768896595.0,1.16961,1.16976,1.16968
EUR_USD,1768896600.0,1.16959,1.16974,1.16966
EUR_USD,1768896605.0,1.16962,1.16977,1.16969
EUR_USD,1768896610.0,1.16965,1.16981,1.16973
EUR_USD,1768896615.0,1.16967,1.16983,1.16975
EUR_USD,1768896620.0,1.16976,1.16993,1.16985
EUR_USD,1768896625.0,1.16978,1.16994,1.16986
EUR_USD,1768896630.0,1.16971,1.16988,1.16980
EUR_USD,1768896635.0,1.16971,1.16988,1.16980
EUR_USD,1768896640.0,1.16968,1.16985,1.16976
EUR_USD,1768896645.0,1.16967,1.16984,1.16975
EUR_USD,1768896650.0,1.16971,1.16987,1.16979
EUR_USD,1768896655.0,1.16963,1.16980,1.16972
EUR_USD,1768896660.0,1.16963,1.16978,1.16970
EUR_USD,1768896665.0,1.16967,1.16981,1.16974
EUR_USD,1768896670.0,1.16969,1.16983,1.16976
EUR_USD,1768896675.0,1.16975,1.16991,1.16983
EUR_USD,1768896680.0,1.16974,1.16988,1.16981
EUR_USD,1768896685.0,1.16972,1.16986,1.16979
EUR_USD,1768896690.0,1.16977,1.16992,1.16985
EUR_USD,1768896695.0,1.16976,1.16991,1.16983
EUR_USD,1768896700.0,1.16975,1.16991,1.16983
EUR_USD,1768896705.0,1.16978,1.16994,1.16986
EUR_USD,1768896710.0,1.16975,1.16992,1.16983
EUR_USD,1768896715.0,1.16986,1.17003,1.16994
EUR_USD,1768896720.0,1.16986,1.17001,1.16993
EUR_USD,1768896725.0,1.16988,1.17003,1.16995
EUR_USD,1768896730.0,1.16984,1.17000,1.16992
EUR_USD,1768896735.0,1.16984,1.17000,1.16992
EUR_USD,1768896740.0,1.16982,1.16998,1.16990
EUR_USD,1768896745.0,1.16981,1.16997,1.16989
EUR_USD,1768896750.0,1.16989,1.17004,1.16996
EUR_USD,1768896755.0,1.16987,1.17004,1.16995
EUR_USD,1768896760.0,1.16987,1.17004,1.16995
EUR_USD,1768896765.0,1.16985,1.17002,1.16994
EUR_USD,1768896770.0,1.16987,1.17004,1.16995
EUR_USD,1768896775.0,1.16986,1.17002,1.16994
EUR_USD,1768896780.0,1.16988,1.17002,1.16995
EUR_USD,1768896785.0,1.16984,1.17000,1.16992
EUR_USD,1768896790.0,1.16989,1.17005,1.16997
EUR_USD,1768896795.0,1.16984,1.17000,1.16992
EUR_USD,1768896800.0,1.16978,1.16995,1.16987
EUR_USD,1768896805.0,1.16978,1.16994,1.16986
EUR_USD,1768896810.0,1.16985,1.17000,1.16993
EUR_USD,1768896815.0,1.16987,1.17003,1.16995
EUR_USD,1768896820.0,1.16984,1.16998,1.16991
EUR_USD,1768896825.0,1.16984,1.17000,1.16992
EUR_USD,1768896830.0,1.16982,1.16997,1.16989
EUR_USD,1768896835.0,1.16983,1.16999,1.16991
EUR_USD,1768896840.0,1.16983,1.16998,1.16990
EUR_USD,1768896845.0,1.16980,1.16995,1.16987
EUR_USD,1768896850.0,1.16984,1.17000,1.16992
EUR_USD,1768896855.0,1.16986,1.17000,1.16993
EUR_USD,1768896860.0,1.16984,1.17000,1.16992
EUR_USD,1768896865.0,1.16982,1.16998,1.16990
EUR_USD,1768896870.0,1.16987,1.17005,1.16996
EUR_USD,1768896875.0,1.16988,1.17005,1.16996
EUR_USD,1768896880.0,1.16987,1.17004,1.16995
EUR_USD,1768896885.0,1.16989,1.17005,1.16997
EUR_USD,1768896890.0,1.16990,1.17006,1.16998
EUR_USD,1768896895.0,1.16991,1.17007,1.16999
EUR_USD,1768896900.0,1.16995,1.17010,1.17002
EUR_USD,1768896905.0,1.16983,1.16999,1.16991
EUR_USD,1768896910.0,1.16974,1.16989,1.16982
EUR_USD,1768896915.0,1.16962,1.16978,1.16970
EUR_USD,1768896920.0,1.16963,1.16978,1.16970
EUR_USD,1768896925.0,1.16958,1.16974,1.16966
EUR_USD,1768896930.0,1.16966,1.16982,1.16974
EUR_USD,1768896935.0,1.16967,1.16983,1.16975
EUR_USD,1768896940.0,1.16964,1.16980,1.16972
EUR_USD,1768896945.0,1.16964,1.16980,1.16972
EUR_USD,1768896950.0,1.16964,1.16979,1.16972
EUR_USD,1768896955.0,1.16964,1.16980,1.16972
EUR_USD,1768896960.0,1.16972,1.16987,1.16980
EUR_USD,1768896965.0,1.16968,1.16985,1.16976
EUR_USD,1768896970.0,1.16974,1.16989,1.16982
EUR_USD,1768896975.0,1.16969,1.16984,1.16976
EUR_USD,1768896980.0,1.16969,1.16983,1.16976
EUR_USD,1768896985.0,1.16971,1.16986,1.16979
EUR_USD,1768896990.0,1.16973,1.16988,1.16980
EUR_USD,1768896995.0,1.16970,1.16985,1.16978
EUR_USD,1768897000.0,1.16969,1.16985,1.16977
EUR_USD,1768897005.0,1.16986,1.17001,1.16993
EUR_USD,1768897010.0,1.16990,1.17005,1.16997
EUR_USD,1768897015.0,1.16995,1.17011,1.17003
EUR_USD,1768897020.0,1.16995,1.17011,1.17003
EUR_USD,1768897025.0,1.16998,1.17015,1.17007
EUR_USD,1768897030.0,1.17001,1.17018,1.17009
EUR_USD,1768897035.0,1.17007,1.17023,1.17015
EUR_USD,1768897040.0,1.17005,1.17021,1.17013
EUR_USD,1768897045.0,1.17009,1.17025,1.17017
EUR_USD,1768897050.0,1.17009,1.17025,1.17017
EUR_USD,1768897055.0,1.17010,1.17027,1.17019
EUR_USD,1768897060.0,1.17009,1.17025,1.17017
EUR_USD,1768897065.0,1.17001,1.17017,1.17009
EUR_USD,1768897070.0,1.17005,1.17021,1.17013
EUR_USD,1768897075.0,1.17005,1.17021,1.17013
EUR_USD,1768897080.0,1.17010,1.17026,1.17018
EUR_USD,1768897085.0,1.17010,1.17026,1.17018
EUR_USD,1768897090.0,1.17007,1.17023,1.17015
EUR_USD,1768897095.0,1.17004,1.17021,1.17013
EUR_USD,1768897100.0,1.17000,1.17014,1.17007
EUR_USD,1768897105.0,1.16995,1.17011,1.17003
EUR_USD,1768897110.0,1.16989,1.17005,1.16997
EUR_USD,1768897115.0,1.16996,1.17012,1.17004
EUR_USD,1768897120.0,1.17003,1.17019,1.17011
EUR_USD,1768897125.0,1.16998,1.17014,1.17006
EUR_USD,1768897130.0,1.16996,1.17012,1.17004
EUR_USD,1768897135.0,1.16993,1.17008,1.17000
EUR_USD,1768897140.0,1.16991,1.17007,1.16999
EUR_USD,1768897145.0,1.16984,1.16999,1.16992
EUR_USD,1768897150.0,1.16980,1.16994,1.16987
EUR_USD,1768897155.0,1.16974,1.16989,1.16982
EUR_USD,1768897160.0,1.16969,1.16984,1.16976
EUR_USD,1768897165.0,1.16967,1.16983,1.16975
EUR_USD,1768897170.0,1.16968,1.16984,1.16976
EUR_USD,1768897175.0,1.16965,1.16980,1.16973
EUR_USD,1768897180.0,1.16959,1.16973,1.16966
EUR_USD,1768897185.0,1.16954,1.16968,1.16961
EUR_USD,1768897190.0,1.16952,1.16968,1.16960
EUR_USD,1768897195.0,1.16954,1.16970,1.16962
EUR_USD,1768897200.0,1.16952,1.16967,1.16959
EUR_USD,1768897205.0,1.16953,1.16968,1.16961
EUR_USD,1768897210.0,1.16953,1.16969,1.16961
EUR_USD,1768897215.0,1.16943,1.16959,1.16951
EUR_USD,1768897220.0,1.16938,1.16954,1.16946
EUR_USD,1768897225.0,1.16940,1.16955,1.16948
EUR_USD,1768897230.0,1.16931,1.16947,1.16939
EUR_USD,1768897235.0,1.16926,1.16943,1.16934
EUR_USD,1768897240.0,1.16925,1.16943,1.16934
EUR_USD,1768897245.0,1.16926,1.16943,1.16934
EUR_USD,1768897250.0,1.16923,1.16939,1.16931
EUR_USD,1768897255.0,1.16921,1.16937,1.16929
EUR_USD,1768897260.0,1.16921,1.16937,1.16929
EUR_USD,1768897265.0,1.16921,1.16938,1.16929
EUR_USD,1768897270.0,1.16922,1.16937,1.16929
EUR_USD,1768897275.0,1.16917,1.16934,1.16926
EUR_USD,1768897280.0,1.16929,1.16945,1.16937
EUR_USD,1768897285.0,1.16924,1.16940,1.16932
EUR_USD,1768897290.0,1.16927,1.16943,1.16935
EUR_USD,1768897295.0,1.16922,1.16937,1.16929
EUR_USD,1768897300.0,1.16928,1.16944,1.16936
EUR_USD,1768897305.0,1.16927,1.16942,1.16934
EUR_USD,1768897310.0,1.16922,1.16937,1.16929
EUR_USD,1768897315.0,1.16926,1.16942,1.16934
EUR_USD,1768897320.0,1.16926,1.16943,1.16934
EUR_USD,1768897325.0,1.16930,1.16945,1.16938
EUR_USD,1768897330.0,1.16930,1.16946,1.16938
EUR_USD,1768897335.0,1.16935,1.16951,1.16943
EUR_USD,1768897340.0,1.16936,1.16952,1.16944
EUR_USD,1768897345.0,1.16932,1.16949,1.16940
EUR_USD,1768897350.0,1.16932,1.16948,1.16940
EUR_USD,1768897355.0,1.16931,1.16947,1.16939
EUR_USD,1768897360.0,1.16936,1.16952,1.16944
EUR_USD,1768897365.0,1.16938,1.16954,1.16946
EUR_USD,1768897370.0,1.16938,1.16955,1.16947
EUR_USD,1768897375.0,1.16938,1.16955,1.16947
EUR_USD,1768897380.0,1.16938,1.16954,1.16946
EUR_USD,1768897385.0,1.16933,1.16950,1.16941
EUR_USD,1768897390.0,1.16932,1.16947,1.16939
EUR_USD,1768897395.0,1.16935,1.16950,1.16942
EUR_USD,1768897400.0,1.16934,1.16950,1.16942
EUR_USD,1768897405.0,1.16936,1.16952,1.16944
EUR_USD,1768897410.0,1.16935,1.16950,1.16942
EUR_USD,1768897415.0,1.16939,1.16955,1.16947
EUR_USD,1768897420.0,1.16937,1.16954,1.16946
EUR_USD,1768897425.0,1.16938,1.16954,1.16946
EUR_USD,1768897430.0,1.16937,1.16953,1.16945
EUR_USD,1768897435.0,1.16936,1.16951,1.16944
EUR_USD,1768897440.0,1.16936,1.16952,1.16944
EUR_USD,1768897445.0,1.16946,1.16963,1.16954
EUR_USD,1768897450.0,1.16942,1.16960,1.16951
EUR_USD,1768897455.0,1.16941,1.16956,1.16948
EUR_USD,1768897460.0,1.16938,1.16955,1.16947
EUR_USD,1768897465.0,1.16943,1.16959,1.16951
EUR_USD,1768897470.0,1.16943,1.16959,1.16951
EUR_USD,1768897475.0,1.16943,1.16959,1.16951
EUR_USD,1768897480.0,1.16943,1.16959,1.16951
EUR_USD,1768897485.0,1.16937,1.16954,1.16946
EUR_USD,1768897490.0,1.16937,1.16953,1.16945
EUR_USD,1768897495.0,1.16937,1.16953,1.16945
EUR_USD,1768897500.0,1.16937,1.16954,1.16946
EUR_USD,1768897505.0,1.16937,1.16953,1.16945
EUR_USD,1768897510.0,1.16935,1.16951,1.16943
EUR_USD,1768897515.0,1.16937,1.16953,1.16945
EUR_USD,1768897520.0,1.16937,1.16954,1.16946
EUR_USD,1768897525.0,1.16940,1.16956,1.16948
EUR_USD,1768897530.0,1.16946,1.16963,1.16954
EUR_USD,1768897535.0,1.16943,1.16960,1.16952
EUR_USD,1768897540.0,1.16951,1.16968,1.16960
EUR_USD,1768897545.0,1.16951,1.16968,1.16960
EUR_USD,1768897550.0,1.16950,1.16965,1.16958
EUR_USD,1768897555.0,1.16950,1.16965,1.16958
EUR_USD,1768897560.0,1.16948,1.16966,1.16957
EUR_USD,1768897565.0,1.16956,1.16973,1.16965
EUR_USD,1768897570.0,1.16948,1.16965,1.16956
EUR_USD,1768897575.0,1.16952,1.16969,1.16960
EUR_USD,1768897580.0,1.16952,1.16968,1.16960
EUR_USD,1768897585.0,1.16956,1.16973,1.16965
EUR_USD,1768897590.0,1.16953,1.16969,1.16961
EUR_USD,1768897595.0,1.16958,1.16974,1.16966
EUR_USD,1768897600.0,1.16958,1.16975,1.16967
EUR_USD,1768897605.0,1.16953,1.16970,1.16961
EUR_USD,1768897610.0,1.16953,1.16968,1.16961
EUR_USD,1768897615.0,1.16953,1.16969,1.16961
EUR_USD,1768897620.0,1.16952,1.16966,1.16959
EUR_USD,1768897625.0,1.16948,1.16964,1.16956
EUR_USD,1768897630.0,1.16960,1.16975,1.16968
EUR_USD,1768897635.0,1.16960,1.16976,1.16968
EUR_USD,1768897640.0,1.16960,1.16976,1.16968
EUR_USD,1768897645.0,1.16954,1.16970,1.16962
EUR_USD,1768897650.0,1.16961,1.16976,1.16968
EUR_USD,1768897655.0,1.16961,1.16976,1.16968
EUR_USD,1768897660.0,1.16957,1.16974,1.16966
EUR_USD,1768897665.0,1.16956,1.16972,1.16964
EUR_USD,1768897670.0,1.16957,1.16973,1.16965
EUR_USD,1768897675.0,1.16958,1.16973,1.16966
EUR_USD,1768897680.0,1.16959,1.16974,1.16966
EUR_USD,1768897685.0,1.16956,1.16971,1.16963
EUR_USD,1768897690.0,1.16956,1.16970,1.16963
EUR_USD,1768897695.0,1.16957,1.16972,1.16965
EUR_USD,1768897700.0,1.16957,1.16972,1.16965
EUR_USD,1768897705.0,1.16958,1.16972,1.16965
EUR_USD,1768897710.0,1.16957,1.16972,1.16965
EUR_USD,1768897715.0,1.16958,1.16972,1.16965
EUR_USD,1768897720.0,1.16960,1.16974,1.16967
EUR_USD,1768897725.0,1.16960,1.16974,1.16967
EUR_USD,1768897730.0,1.16961,1.16977,1.16969
EUR_USD,1768897735.0,1.16968,1.16982,1.16975
EUR_USD,1768897740.0,1.16971,1.16987,1.16979
EUR_USD,1768897745.0,1.16971,1.16987,1.16979
EUR_USD,1768897750.0,1.16967,1.16982,1.16975
EUR_USD,1768897755.0,1.16963,1.16978,1.16970
EUR_USD,1768897760.0,1.16971,1.16987,1.16979
EUR_USD,1768897765.0,1.16973,1.16987,1.16980
EUR_USD,1768897770.0,1.16974,1.16990,1.16982
EUR_USD,1768897775.0,1.16973,1.16990,1.16981
EUR_USD,1768897780.0,1.16973,1.16989,1.16981
EUR_USD,1768897785.0,1.16969,1.16984,1.16976
EUR_USD,1768897790.0,1.16958,1.16975,1.16967
EUR_USD,1768897795.0,1.16959,1.16974,1.16966
EUR_USD,1768897800.0,1.16958,1.16974,1.16966
EUR_USD,1768897805.0,1.16969,1.16984,1.16976
EUR_USD,1768897810.0,1.16967,1.16982,1.16975
EUR_USD,1768897815.0,1.16977,1.16992,1.16985
EUR_USD,1768897820.0,1.16977,1.16993,1.16985
EUR_USD,1768897825.0,1.16978,1.16993,1.16986
EUR_USD,1768897830.0,1.16994,1.17010,1.17002
EUR_USD,1768897835.0,1.17000,1.17017,1.17008
EUR_USD,1768897840.0,1.17001,1.17016,1.17009
EUR_USD,1768897845.0,1.16998,1.17015,1.17007
EUR_USD,1768897850.0,1.16993,1.17009,1.17001
EUR_USD,1768897855.0,1.16993,1.17008,1.17000
EUR_USD,1768897860.0,1.17008,1.17023,1.17016
EUR_USD,1768897865.0,1.17009,1.17024,1.17016
EUR_USD,1768897870.0,1.17040,1.17056,1.17048
EUR_USD,1768897875.0,1.17040,1.17057,1.17049
EUR_USD,1768897880.0,1.17045,1.17061,1.17053
EUR_USD,1768897885.0,1.17055,1.17072,1.17063
EUR_USD,1768897890.0,1.17056,1.17071,1.17063
EUR_USD,1768897895.0,1.17064,1.17079,1.17071
EUR_USD,1768897900.0,1.17072,1.17087,1.17080
EUR_USD,1768897905.0,1.17076,1.17094,1.17085
EUR_USD,1768897910.0,1.17069,1.17085,1.17077
EUR_USD,1768897915.0,1.17072,1.17090,1.17081
EUR_USD,1768897920.0,1.17067,1.17083,1.17075
EUR_USD,1768897925.0,1.17068,1.17084,1.17076
EUR_USD,1768897930.0,1.17081,1.17098,1.17089
EUR_USD,1768897935.0,1.17078,1.17095,1.17087
EUR_USD,1768897940.0,1.17070,1.17086,1.17078
EUR_USD,1768897945.0,1.17080,1.17097,1.17089
EUR_USD,1768897950.0,1.17085,1.17101,1.17093
EUR_USD,1768897955.0,1.17078,1.17094,1.17086
EUR_USD,1768897960.0,1.17080,1.17098,1.17089
EUR_USD,1768897965.0,1.17078,1.17095,1.17087
EUR_USD,1768897970.0,1.17085,1.17101,1.17093
EUR_USD,1768897975.0,1.17080,1.17094,1.17087
EUR_USD,1768897980.0,1.17081,1.17097,1.17089
EUR_USD,1768897985.0,1.17080,1.17096,1.17088
EUR_USD,1768897990.0,1.17083,1.17099,1.17091
EUR_USD,1768897995.0,1.17074,1.17091,1.17082
EUR_USD,1768898000.0,1.17084,1.17100,1.17092
EUR_USD,1768898005.0,1.17080,1.17096,1.17088
EUR_USD,1768898010.0,1.17083,1.17100,1.17091
EUR_USD,1768898015.0,1.17072,1.17088,1.17080
EUR_USD,1768898020.0,1.17067,1.17082,1.17075
EUR_USD,1768898025.0,1.17058,1.17074,1.17066
EUR_USD,1768898030.0,1.17057,1.17073,1.17065
EUR_USD,1768898035.0,1.17056,1.17071,1.17063
EUR_USD,1768898040.0,1.17055,1.17070,1.17063
EUR_USD,1768898045.0,1.17062,1.17077,1.17070
EUR_USD,1768898050.0,1.17059,1.17076,1.17068
EUR_USD,1768898055.0,1.17061,1.17076,1.17068
EUR_USD,1768898060.0,1.17069,1.17084,1.17077
EUR_USD,1768898065.0,1.17068,1.17083,1.17075
EUR_USD,1768898070.0,1.17076,1.17093,1.17084
EUR_USD,1768898075.0,1.17069,1.17085,1.17077
EUR_USD,1768898080.0,1.17072,1.17088,1.17080
EUR_USD,1768898085.0,1.17071,1.17087,1.17079
EUR_USD,1768898090.0,1.17072,1.17088,1.17080
EUR_USD,1768898095.0,1.17070,1.17086,1.17078
EUR_USD,1768898100.0,1.17076,1.17092,1.17084
EUR_USD,1768898105.0,1.17080,1.17096,1.17088
EUR_USD,1768898110.0,1.17076,1.17093,1.17084
EUR_USD,1768898115.0,1.17074,1.17090,1.17082
EUR_USD,1768898120.0,1.17077,1.17093,1.17085
EUR_USD,1768898125.0,1.17080,1.17096,1.17088
EUR_USD,1768898130.0,1.17080,1.17096,1.17088
EUR_USD,1768898135.0,1.17074,1.17090,1.17082
EUR_USD,1768898140.0,1.17071,1.17088,1.17080
EUR_USD,1768898145.0,1.17069,1.17084,1.17077
EUR_USD,1768898150.0,1.17072,1.17089,1.17081
EUR_USD,1768898155.0,1.17066,1.17083,1.17075
EUR_USD,1768898160.0,1.17065,1.17082,1.17074
EUR_USD,1768898165.0,1.17062,1.17078,1.17070
EUR_USD,1768898170.0,1.17052,1.17068,1.17060
EUR_USD,1768898175.0,1.17047,1.17063,1.17055
EUR_USD,1768898180.0,1.17041,1.17057,1.17049
EUR_USD,1768898185.0,1.17034,1.17051,1.17042
EUR_USD,1768898190.0,1.17032,1.17047,1.17040
EUR_USD,1768898195.0,1.17025,1.17043,1.17034
EUR_USD,1768898200.0,1.17025,1.17041,1.17033
EUR_USD,1768898205.0,1.17027,1.17043,1.17035
EUR_USD,1768898210.0,1.17032,1.17048,1.17040
EUR_USD,1768898215.0,1.17045,1.17062,1.17054
EUR_USD,1768898220.0,1.17045,1.17062,1.17054
EUR_USD,1768898225.0,1.17037,1.17054,1.17046
EUR_USD,1768898230.0,1.17046,1.17062,1.17054
EUR_USD,1768898235.0,1.17041,1.17056,1.17048
EUR_USD,1768898240.0,1.17035,1.17052,1.17043
EUR_USD,1768898245.0,1.17035,1.17051,1.17043
EUR_USD,1768898250.0,1.17043,1.17057,1.17050
EUR_USD,1768898255.0,1.17043,1.17058,1.17050
EUR_USD,1768898260.0,1.17047,1.17062,1.17054
EUR_USD,1768898265.0,1.17041,1.17057,1.17049
EUR_USD,1768898270.0,1.17048,1.17065,1.17056
EUR_USD,1768898275.0,1.17052,1.17067,1.17060
EUR_USD,1768898280.0,1.17057,1.17073,1.17065
EUR_USD,1768898285.0,1.17057,1.17073,1.17065
EUR_USD,1768898290.0,1.17065,1.17080,1.17073
EUR_USD,1768898295.0,1.17074,1.17090,1.17082
EUR_USD,1768898300.0,1.17078,1.17093,1.17085
EUR_USD,1768898305.0,1.17078,1.17093,1.17085
EUR_USD,1768898310.0,1.17078,1.17093,1.17085
EUR_USD,1768898315.0,1.17081,1.17096,1.17088
EUR_USD,1768898320.0,1.17075,1.17091,1.17083
EUR_USD,1768898325.0,1.17076,1.17091,1.17083
EUR_USD,1768898330.0,1.17087,1.17101,1.17094
EUR_USD,1768898335.0,1.17088,1.17104,1.17096
EUR_USD,1768898340.0,1.17086,1.17102,1.17094
EUR_USD,1768898345.0,1.17096,1.17112,1.17104
EUR_USD,1768898350.0,1.17095,1.17112,1.17103
EUR_USD,1768898355.0,1.17090,1.17106,1.17098
EUR_USD,1768898360.0,1.17085,1.17101,1.17093
EUR_USD,1768898365.0,1.17084,1.17099,1.17091
EUR_USD,1768898370.0,1.17082,1.17098,1.17090
EUR_USD,1768898375.0,1.17086,1.17104,1.17095
EUR_USD,1768898380.0,1.17093,1.17108,1.17101
EUR_USD,1768898385.0,1.17097,1.17112,1.17104
EUR_USD,1768898390.0,1.17103,1.17118,1.17111
EUR_USD,1768898395.0,1.17101,1.17118,1.17110
EUR_USD,1768898400.0,1.17104,1.17120,1.17112
EUR_USD,1768898405.0,1.17106,1.17121,1.17114
EUR_USD,1768898410.0,1.17087,1.17103,1.17095
EUR_USD,1768898415.0,1.17087,1.17102,1.17095
EUR_USD,1768898420.0,1.17092,1.17108,1.17100
EUR_USD,1768898425.0,1.17097,1.17112,1.17104
EUR_USD,1768898430.0,1.17097,1.17113,1.17105
EUR_USD,1768898435.0,1.17099,1.17115,1.17107
EUR_USD,1768898440.0,1.17098,1.17114,1.17106
EUR_USD,1768898445.0,1.17092,1.17108,1.17100
EUR_USD,1768898450.0,1.17101,1.17118,1.17110
EUR_USD,1768898455.0,1.17103,1.17120,1.17111
EUR_USD,1768898460.0,1.17102,1.17118,1.17110
EUR_USD,1768898465.0,1.17101,1.17119,1.17110
EUR_USD,1768898470.0,1.17102,1.17118,1.17110
EUR_USD,1768898475.0,1.17105,1.17120,1.17112
EUR_USD,1768898480.0,1.17101,1.17116,1.17109
EUR_USD,1768898485.0,1.17115,1.17132,1.17123
EUR_USD,1768898490.0,1.17122,1.17138,1.17130
EUR_USD,1768898495.0,1.17120,1.17137,1.17129
EUR_USD,1768898500.0,1.17117,1.17134,1.17125
EUR_USD,1768898505.0,1.17113,1.17129,1.17121
EUR_USD,1768898510.0,1.17118,1.17133,1.17125
EUR_USD,1768898515.0,1.17121,1.17136,1.17129
EUR_USD,1768898520.0,1.17129,1.17144,1.17136
EUR_USD,1768898525.0,1.17135,1.17151,1.17143
EUR_USD,1768898530.0,1.17139,1.17155,1.17147
EUR_USD,1768898535.0,1.17137,1.17153,1.17145
EUR_USD,1768898540.0,1.17129,1.17144,1.17136
EUR_USD,1768898545.0,1.17123,1.17138,1.17131
EUR_USD,1768898550.0,1.17129,1.17144,1.17136
EUR_USD,1768898555.0,1.17133,1.17149,1.17141
EUR_USD,1768898560.0,1.17137,1.17152,1.17144
EUR_USD,1768898565.0,1.17128,1.17143,1.17136
EUR_USD,1768898570.0,1.17127,1.17141,1.17134
EUR_USD,1768898575.0,1.17119,1.17135,1.17127
EUR_USD,1768898580.0,1.17117,1.17133,1.17125
EUR_USD,1768898585.0,1.17118,1.17133,1.17125
EUR_USD,1768898590.0,1.17121,1.17137,1.17129
EUR_USD,1768898595.0,1.17120,1.17137,1.17129
EUR_USD,1768898600.0,1.17114,1.17129,1.17122
EUR_USD,1768898605.0,1.17113,1.17130,1.17122
EUR_USD,1768898610.0,1.17117,1.17133,1.17125
EUR_USD,1768898615.0,1.17101,1.17115,1.17108
EUR_USD,1768898620.0,1.17097,1.17113,1.17105
EUR_USD,1768898625.0,1.17095,1.17110,1.17102
EUR_USD,1768898630.0,1.17094,1.17109,1.17102
EUR_USD,1768898635.0,1.17086,1.17102,1.17094
EUR_USD,1768898640.0,1.17089,1.17106,1.17097
EUR_USD,1768898645.0,1.17086,1.17102,1.17094
EUR_USD,1768898650.0,1.17081,1.17097,1.17089
EUR_USD,1768898655.0,1.17097,1.17113,1.17105
EUR_USD,1768898660.0,1.17091,1.17106,1.17098
EUR_USD,1768898665.0,1.17090,1.17106,1.17098
EUR_USD,1768898670.0,1.17079,1.17095,1.17087
EUR_USD,1768898675.0,1.17098,1.17113,1.17105
EUR_USD,1768898680.0,1.17089,1.17106,1.17097
EUR_USD,1768898685.0,1.17089,1.17104,1.17097
EUR_USD,1768898690.0,1.17087,1.17102,1.17095
EUR_USD,1768898695.0,1.17079,1.17094,1.17087
EUR_USD,1768898700.0,1.17093,1.17109,1.17101
EUR_USD,1768898705.0,1.17088,1.17105,1.17096
EUR_USD,1768898710.0,1.17085,1.17102,1.17094
EUR_USD,1768898715.0,1.17083,1.17098,1.17090
EUR_USD,1768898720.0,1.17084,1.17099,1.17091
EUR_USD,1768898725.0,1.17101,1.17116,1.17109
EUR_USD,1768898730.0,1.17110,1.17126,1.17118
EUR_USD,1768898735.0,1.17111,1.17126,1.17118
EUR_USD,1768898740.0,1.17106,1.17122,1.17114
EUR_USD,1768898745.0,1.17113,1.17130,1.17122
EUR_USD,1768898750.0,1.17127,1.17143,1.17135
EUR_USD,1768898755.0,1.17126,1.17142,1.17134
EUR_USD,1768898760.0,1.17122,1.17138,1.17130
EUR_USD,1768898765.0,1.17123,1.17138,1.17131
EUR_USD,1768898770.0,1.17122,1.17139,1.17130
EUR_USD,1768898775.0,1.17123,1.17138,1.17131
EUR_USD,1768898780.0,1.17127,1.17144,1.17136
EUR_USD,1768898785.0,1.17131,1.17147,1.17139
EUR_USD,1768898790.0,1.17134,1.17151,1.17143
EUR_USD,1768898795.0,1.17129,1.17146,1.17137
EUR_USD,1768898800.0,1.17131,1.17146,1.17138
EUR_USD,1768898805.0,1.17130,1.17146,1.17138
EUR_USD,1768898810.0,1.17132,1.17147,1.17139
EUR_USD,1768898815.0,1.17130,1.17145,1.17138
EUR_USD,1768898820.0,1.17133,1.17149,1.17141
EUR_USD,1768898825.0,1.17137,1.17152,1.17144
EUR_USD,1768898830.0,1.17140,1.17157,1.17149
EUR_USD,1768898835.0,1.17132,1.17148,1.17140
EUR_USD,1768898840.0,1.17132,1.17148,1.17140
EUR_USD,1768898845.0,1.17132,1.17147,1.17139
EUR_USD,1768898850.0,1.17125,1.17141,1.17133
EUR_USD,1768898855.0,1.17125,1.17139,1.17132
EUR_USD,1768898860.0,1.17121,1.17137,1.17129
EUR_USD,1768898865.0,1.17129,1.17145,1.17137
EUR_USD,1768898870.0,1.17136,1.17151,1.17144
EUR_USD,1768898875.0,1.17133,1.17149,1.17141
EUR_USD,1768898880.0,1.17138,1.17155,1.17146
EUR_USD,1768898885.0,1.17134,1.17150,1.17142
EUR_USD,1768898890.0,1.17140,1.17155,1.17148
EUR_USD,1768898895.0,1.17127,1.17143,1.17135
EUR_USD,1768898900.0,1.17126,1.17144,1.17135
EUR_USD,1768898905.0,1.17134,1.17151,1.17143
EUR_USD,1768898910.0,1.17138,1.17155,1.17146
EUR_USD,1768898915.0,1.17136,1.17152,1.17144
EUR_USD,1768898920.0,1.17134,1.17150,1.17142
EUR_USD,1768898925.0,1.17140,1.17155,1.17148
EUR_USD,1768898930.0,1.17140,1.17156,1.17148
EUR_USD,1768898935.0,1.17137,1.17153,1.17145
EUR_USD,1768898940.0,1.17135,1.17151,1.17143
EUR_USD,1768898945.0,1.17126,1.17140,1.17133
EUR_USD,1768898950.0,1.17117,1.17132,1.17124
EUR_USD,1768898955.0,1.17112,1.17128,1.17120
EUR_USD,1768898960.0,1.17117,1.17133,1.17125
EUR_USD,1768898965.0,1.17122,1.17138,1.17130
EUR_USD,1768898970.0,1.17115,1.17131,1.17123
EUR_USD,1768898975.0,1.17114,1.17130,1.17122
EUR_USD,1768898980.0,1.17112,1.17127,1.17119
EUR_USD,1768898985.0,1.17121,1.17136,1.17129
EUR_USD,1768898990.0,1.17131,1.17147,1.17139
EUR_USD,1768898995.0,1.17133,1.17148,1.17141
EUR_USD,1768899000.0,1.17133,1.17148,1.17141
EUR_USD,1768899005.0,1.17130,1.17145,1.17138
EUR_USD,1768899010.0,1.17135,1.17151,1.17143
EUR_USD,1768899015.0,1.17141,1.17155,1.17148
EUR_USD,1768899020.0,1.17138,1.17154,1.17146
EUR_USD,1768899025.0,1.17139,1.17154,1.17146
EUR_USD,1768899030.0,1.17141,1.17155,1.17148
EUR_USD,1768899035.0,1.17138,1.17154,1.17146
EUR_USD,1768899040.0,1.17138,1.17154,1.17146
EUR_USD,1768899045.0,1.17141,1.17157,1.17149
EUR_USD,1768899050.0,1.17141,1.17158,1.17150
EUR_USD,1768899055.0,1.17139,1.17154,1.17146
EUR_USD,1768899060.0,1.17136,1.17153,1.17144
EUR_USD,1768899065.0,1.17132,1.17147,1.17139
EUR_USD,1768899070.0,1.17133,1.17149,1.17141
EUR_USD,1768899075.0,1.17132,1.17149,1.17141
EUR_USD,1768899080.0,1.17132,1.17149,1.17141
EUR_USD,1768899085.0,1.17127,1.17144,1.17136
EUR_USD,1768899090.0,1.17131,1.17146,1.17138
EUR_USD,1768899095.0,1.17127,1.17144,1.17136
EUR_USD,1768899100.0,1.17127,1.17145,1.17136
EUR_USD,1768899105.0,1.17140,1.17156,1.17148
EUR_USD,1768899110.0,1.17147,1.17164,1.17156
EUR_USD,1768899115.0,1.17146,1.17163,1.17155
EUR_USD,1768899120.0,1.17145,1.17160,1.17152
EUR_USD,1768899125.0,1.17145,1.17161,1.17153
EUR_USD,1768899130.0,1.17141,1.17158,1.17150
EUR_USD,1768899135.0,1.17145,1.17162,1.17153
EUR_USD,1768899140.0,1.17140,1.17155,1.17148
EUR_USD,1768899145.0,1.17135,1.17151,1.17143
EUR_USD,1768899150.0,1.17140,1.17156,1.17148
EUR_USD,1768899155.0,1.17139,1.17156,1.17148
EUR_USD,1768899160.0,1.17141,1.17156,1.17149
EUR_USD,1768899165.0,1.17141,1.17157,1.17149
EUR_USD,1768899170.0,1.17144,1.17161,1.17152
EUR_USD,1768899175.0,1.17137,1.17152,1.17144
EUR_USD,1768899180.0,1.17137,1.17153,1.17145
EUR_USD,1768899185.0,1.17157,1.17173,1.17165
EUR_USD,1768899190.0,1.17163,1.17179,1.17171
EUR_USD,1768899195.0,1.17155,1.17171,1.17163
EUR_USD,1768899200.0,1.17167,1.17183,1.17175
EUR_USD,1768899205.0,1.17183,1.17197,1.17190
EUR_USD,1768899210.0,1.17171,1.17186,1.17178
EUR_USD,1768899215.0,1.17175,1.17190,1.17183
EUR_USD,1768899220.0,1.17167,1.17182,1.17175
EUR_USD,1768899225.0,1.17161,1.17176,1.17169
EUR_USD,1768899230.0,1.17162,1.17176,1.17169
EUR_USD,1768899235.0,1.17160,1.17175,1.17168
EUR_USD,1768899240.0,1.17160,1.17175,1.17168
EUR_USD,1768899245.0,1.17158,1.17173,1.17165
EUR_USD,1768899250.0,1.17150,1.17164,1.17157
EUR_USD,1768899255.0,1.17148,1.17162,1.17155
EUR_USD,1768899260.0,1.17151,1.17165,1.17158
EUR_USD,1768899265.0,1.17152,1.17166,1.17159
EUR_USD,1768899270.0,1.17148,1.17164,1.17156
EUR_USD,1768899275.0,1.17161,1.17176,1.17169
EUR_USD,1768899280.0,1.17160,1.17176,1.17168
EUR_USD,1768899285.0,1.17160,1.17174,1.17167
EUR_USD,1768899290.0,1.17160,1.17175,1.17168
EUR_USD,1768899295.0,1.17157,1.17173,1.17165
EUR_USD,1768899300.0,1.17153,1.17168,1.17161
EUR_USD,1768899305.0,1.17152,1.17168,1.17160
EUR_USD,1768899310.0,1.17153,1.17168,1.17161
EUR_USD,1768899315.0,1.17151,1.17167,1.17159
EUR_USD,1768899320.0,1.17151,1.17167,1.17159
EUR_USD,1768899325.0,1.17153,1.17169,1.17161
EUR_USD,1768899330.0,1.17155,1.17172,1.17164
EUR_USD,1768899335.0,1.17159,1.17175,1.17167
EUR_USD,1768899340.0,1.17159,1.17175,1.17167
EUR_USD,1768899345.0,1.17152,1.17170,1.17161
EUR_USD,1768899350.0,1.17164,1.17180,1.17172
EUR_USD,1768899355.0,1.17166,1.17180,1.17173
EUR_USD,1768899360.0,1.17166,1.17180,1.17173
EUR_USD,1768899365.0,1.17164,1.17180,1.17172
EUR_USD,1768899370.0,1.17169,1.17187,1.17178
EUR_USD,1768899375.0,1.17165,1.17180,1.17172
EUR_USD,1768899380.0,1.17169,1.17186,1.17177
EUR_USD,1768899385.0,1.17167,1.17184,1.17176
EUR_USD,1768899390.0,1.17169,1.17185,1.17177
EUR_USD,1768899395.0,1.17172,1.17186,1.17179
EUR_USD,1768899400.0,1.17174,1.17191,1.17183
EUR_USD,1768899405.0,1.17183,1.17199,1.17191
EUR_USD,1768899410.0,1.17177,1.17192,1.17185
EUR_USD,1768899415.0,1.17181,1.17195,1.17188
EUR_USD,1768899420.0,1.17173,1.17187,1.17180
EUR_USD,1768899425.0,1.17184,1.17198,1.17191
EUR_USD,1768899430.0,1.17183,1.17198,1.17190
EUR_USD,1768899435.0,1.17186,1.17200,1.17193
EUR_USD,1768899440.0,1.17190,1.17205,1.17197
EUR_USD,1768899445.0,1.17188,1.17205,1.17197
EUR_USD,1768899450.0,1.17190,1.17207,1.17198
EUR_USD,1768899455.0,1.17192,1.17207,1.17199
EUR_USD,1768899460.0,1.17192,1.17207,1.17199
EUR_USD,1768899465.0,1.17192,1.17207,1.17199
EUR_USD,1768899470.0,1.17194,1.17210,1.17202
EUR_USD,1768899475.0,1.17192,1.17209,1.17200
EUR_USD,1768899480.0,1.17201,1.17216,1.17209
EUR_USD,1768899485.0,1.17208,1.17224,1.17216
EUR_USD,1768899490.0,1.17197,1.17213,1.17205
EUR_USD,1768899495.0,1.17193,1.17208,1.17200
EUR_USD,1768899500.0,1.17197,1.17212,1.17205
EUR_USD,1768899505.0,1.17207,1.17222,1.17214
EUR_USD,1768899510.0,1.17202,1.17219,1.17211
EUR_USD,1768899515.0,1.17204,1.17220,1.17212
EUR_USD,1768899520.0,1.17203,1.17218,1.17210
EUR_USD,1768899525.0,1.17191,1.17207,1.17199
EUR_USD,1768899530.0,1.17192,1.17209,1.17200
EUR_USD,1768899535.0,1.17191,1.17207,1.17199
EUR_USD,1768899540.0,1.17192,1.17208,1.17200
EUR_USD,1768899545.0,1.17192,1.17208,1.17200
EUR_USD,1768899550.0,1.17196,1.17212,1.17204
EUR_USD,1768899555.0,1.17189,1.17207,1.17198
EUR_USD,1768899560.0,1.17187,1.17203,1.17195
EUR_USD,1768899565.0,1.17173,1.17189,1.17181
EUR_USD,1768899570.0,1.17164,1.17181,1.17172
EUR_USD,1768899575.0,1.17169,1.17187,1.17178
EUR_USD,1768899580.0,1.17161,1.17178,1.17170
EUR_USD,1768899585.0,1.17157,1.17174,1.17165
EUR_USD,1768899590.0,1.17156,1.17171,1.17163
EUR_USD,1768899595.0,1.17154,1.17171,1.17163
EUR_USD,1768899600.0,1.17163,1.17179,1.17171
EUR_USD,1768899605.0,1.17170,1.17186,1.17178
EUR_USD,1768899610.0,1.17176,1.17192,1.17184
EUR_USD,1768899615.0,1.17181,1.17197,1.17189
EUR_USD,1768899620.0,1.17185,1.17201,1.17193
EUR_USD,1768899625.0,1.17190,1.17204,1.17197
EUR_USD,1768899630.0,1.17181,1.17197,1.17189
EUR_USD,1768899635.0,1.17178,1.17195,1.17186
EUR_USD,1768899640.0,1.17170,1.17186,1.17178
EUR_USD,1768899645.0,1.17174,1.17190,1.17182
EUR_USD,1768899650.0,1.17172,1.17188,1.17180
EUR_USD,1768899655.0,1.17170,1.17187,1.17178
EUR_USD,1768899660.0,1.17177,1.17194,1.17185
EUR_USD,1768899665.0,1.17182,1.17199,1.17191
EUR_USD,1768899670.0,1.17188,1.17205,1.17197
EUR_USD,1768899675.0,1.17183,1.17198,1.17190
EUR_USD,1768899680.0,1.17181,1.17198,1.17190
EUR_USD,1768899685.0,1.17176,1.17191,1.17183
EUR_USD,1768899690.0,1.17175,1.17191,1.17183
EUR_USD,1768899695.0,1.17176,1.17191,1.17183
EUR_USD,1768899700.0,1.17180,1.17196,1.17188
EUR_USD,1768899705.0,1.17185,1.17200,1.17192
EUR_USD,1768899710.0,1.17180,1.17198,1.17189
EUR_USD,1768899715.0,1.17180,1.17196,1.17188
EUR_USD,1768899720.0,1.17190,1.17207,1.17198
EUR_USD,1768899725.0,1.17183,1.17201,1.17192
EUR_USD,1768899730.0,1.17180,1.17197,1.17189
EUR_USD,1768899735.0,1.17190,1.17205,1.17197
EUR_USD,1768899740.0,1.17174,1.17191,1.17183
EUR_USD,1768899745.0,1.17175,1.17191,1.17183
EUR_USD,1768899750.0,1.17179,1.17194,1.17186
EUR_USD,1768899755.0,1.17179,1.17195,1.17187
EUR_USD,1768899760.0,1.17183,1.17199,1.17191
EUR_USD,1768899765.0,1.17185,1.17202,1.17193
EUR_USD,1768899770.0,1.17191,1.17207,1.17199
EUR_USD,1768899775.0,1.17190,1.17207,1.17198
EUR_USD,1768899780.0,1.17191,1.17207,1.17199
EUR_USD,1768899785.0,1.17193,1.17208,1.17200
EUR_USD,1768899790.0,1.17186,1.17200,1.17193
EUR_USD,1768899795.0,1.17190,1.17205,1.17197
EUR_USD,1768899800.0,1.17189,1.17207,1.17198
EUR_USD,1768899805.0,1.17185,1.17203,1.17194
EUR_USD,1768899810.0,1.17190,1.17205,1.17197
EUR_USD,1768899815.0,1.17175,1.17190,1.17183
EUR_USD,1768899820.0,1.17176,1.17192,1.17184
EUR_USD,1768899825.0,1.17181,1.17199,1.17190
EUR_USD,1768899830.0,1.17187,1.17204,1.17196
EUR_USD,1768899835.0,1.17187,1.17204,1.17196
EUR_USD,1768899840.0,1.17189,1.17204,1.17197
EUR_USD,1768899845.0,1.17182,1.17199,1.17191
EUR_USD,1768899850.0,1.17176,1.17191,1.17183
EUR_USD,1768899855.0,1.17183,1.17198,1.17190
EUR_USD,1768899860.0,1.17187,1.17202,1.17195
EUR_USD,1768899865.0,1.17187,1.17203,1.17195
EUR_USD,1768899870.0,1.17186,1.17202,1.17194
EUR_USD,1768899875.0,1.17188,1.17204,1.17196
EUR_USD,1768899880.0,1.17189,1.17205,1.17197
EUR_USD,1768899885.0,1.17190,1.17206,1.17198
EUR_USD,1768899890.0,1.17191,1.17206,1.17199
EUR_USD,1768899895.0,1.17178,1.17194,1.17186
EUR_USD,1768899900.0,1.17171,1.17187,1.17179
EUR_USD,1768899905.0,1.17171,1.17185,1.17178
EUR_USD,1768899910.0,1.17177,1.17194,1.17185
EUR_USD,1768899915.0,1.17186,1.17202,1.17194
EUR_USD,1768899920.0,1.17195,1.17210,1.17203
EUR_USD,1768899925.0,1.17187,1.17202,1.17195
EUR_USD,1768899930.0,1.17191,1.17206,1.17199
EUR_USD,1768899935.0,1.17197,1.17213,1.17205
EUR_USD,1768899940.0,1.17190,1.17206,1.17198
EUR_USD,1768899945.0,1.17188,1.17203,1.17196
EUR_USD,1768899950.0,1.17177,1.17193,1.17185
EUR_USD,1768899955.0,1.17178,1.17194,1.17186
EUR_USD,1768899960.0,1.17190,1.17205,1.17197
EUR_USD,1768899965.0,1.17194,1.17209,1.17202
EUR_USD,1768899970.0,1.17211,1.17227,1.17219
EUR_USD,1768899975.0,1.17212,1.17228,1.17220
EUR_USD,1768899980.0,1.17210,1.17227,1.17218
EUR_USD,1768899985.0,1.17212,1.17227,1.17219
EUR_USD,1768899990.0,1.17209,1.17226,1.17218
EUR_USD,1768899995.0,1.17208,1.17225,1.17217
EUR_USD,1768900000.0,1.17209,1.17225,1.17217
EUR_USD,1768900005.0,1.17205,1.17222,1.17213
EUR_USD,1768900010.0,1.17213,1.17230,1.17222
EUR_USD,1768900015.0,1.17213,1.17229,1.17221
EUR_USD,1768900020.0,1.17220,1.17236,1.17228
EUR_USD,1768900025.0,1.17221,1.17237,1.17229
EUR_USD,1768900030.0,1.17236,1.17253,1.17245
EUR_USD,1768900035.0,1.17240,1.17256,1.17248
EUR_USD,1768900040.0,1.17253,1.17269,1.17261
EUR_USD,1768900045.0,1.17260,1.17277,1.17268
EUR_USD,1768900050.0,1.17273,1.17290,1.17281
EUR_USD,1768900055.0,1.17262,1.17279,1.17271
EUR_USD,1768900060.0,1.17257,1.17273,1.17265
EUR_USD,1768900065.0,1.17255,1.17271,1.17263
EUR_USD,1768900070.0,1.17253,1.17269,1.17261
EUR_USD,1768900075.0,1.17250,1.17267,1.17259
EUR_USD,1768900080.0,1.17240,1.17256,1.17248
EUR_USD,1768900085.0,1.17241,1.17258,1.17250
EUR_USD,1768900090.0,1.17250,1.17267,1.17259
EUR_USD,1768900095.0,1.17256,1.17272,1.17264
EUR_USD,1768900100.0,1.17249,1.17265,1.17257
EUR_USD,1768900105.0,1.17251,1.17266,1.17258
EUR_USD,1768900110.0,1.17245,1.17261,1.17253
EUR_USD,1768900115.0,1.17245,1.17262,1.17253
EUR_USD,1768900120.0,1.17249,1.17265,1.17257
EUR_USD,1768900125.0,1.17257,1.17272,1.17264
EUR_USD,1768900130.0,1.17252,1.17268,1.17260
EUR_USD,1768900135.0,1.17246,1.17261,1.17253
EUR_USD,1768900140.0,1.17236,1.17251,1.17244
EUR_USD,1768900145.0,1.17226,1.17241,1.17233
EUR_USD,1768900150.0,1.17225,1.17241,1.17233
EUR_USD,1768900155.0,1.17221,1.17236,1.17229
EUR_USD,1768900160.0,1.17223,1.17239,1.17231
EUR_USD,1768900165.0,1.17240,1.17256,1.17248
EUR_USD,1768900170.0,1.17237,1.17253,1.17245
EUR_USD,1768900175.0,1.17232,1.17247,1.17239
EUR_USD,1768900180.0,1.17231,1.17247,1.17239
EUR_USD,1768900185.0,1.17236,1.17252,1.17244
EUR_USD,1768900190.0,1.17230,1.17247,1.17238
EUR_USD,1768900195.0,1.17231,1.17247,1.17239
EUR_USD,1768900200.0,1.17234,1.17251,1.17243
EUR_USD,1768900205.0,1.17223,1.17239,1.17231
EUR_USD,1768900210.0,1.17229,1.17245,1.17237
EUR_USD,1768900215.0,1.17226,1.17243,1.17234
EUR_USD,1768900220.0,1.17228,1.17243,1.17236
EUR_USD,1768900225.0,1.17226,1.17242,1.17234
EUR_USD,1768900230.0,1.17226,1.17242,1.17234
EUR_USD,1768900235.0,1.17229,1.17245,1.17237
EUR_USD,1768900240.0,1.17228,1.17244,1.17236
EUR_USD,1768900245.0,1.17231,1.17246,1.17239
EUR_USD,1768900250.0,1.17234,1.17250,1.17242
EUR_USD,1768900255.0,1.17241,1.17256,1.17248
EUR_USD,1768900260.0,1.17249,1.17265,1.17257
EUR_USD,1768900265.0,1.17261,1.17275,1.17268
EUR_USD,1768900270.0,1.17257,1.17273,1.17265
EUR_USD,1768900275.0,1.17256,1.17271,1.17264
EUR_USD,1768900280.0,1.17251,1.17267,1.17259
EUR_USD,1768900285.0,1.17256,1.17273,1.17265
EUR_USD,1768900290.0,1.17256,1.17272,1.17264
EUR_USD,1768900295.0,1.17261,1.17278,1.17270
EUR_USD,1768900300.0,1.17259,1.17275,1.17267
EUR_USD,1768900305.0,1.17252,1.17267,1.17260
EUR_USD,1768900310.0,1.17252,1.17269,1.17260
EUR_USD,1768900315.0,1.17251,1.17268,1.17259
EUR_USD,1768900320.0,1.17250,1.17266,1.17258
EUR_USD,1768900325.0,1.17244,1.17261,1.17252
EUR_USD,1768900330.0,1.17240,1.17256,1.17248
EUR_USD,1768900335.0,1.17237,1.17252,1.17244
EUR_USD,1768900340.0,1.17233,1.17251,1.17242
EUR_USD,1768900345.0,1.17230,1.17246,1.17238
EUR_USD,1768900350.0,1.17222,1.17240,1.17231
EUR_USD,1768900355.0,1.17218,1.17233,1.17226
EUR_USD,1768900360.0,1.17217,1.17233,1.17225
EUR_USD,1768900365.0,1.17219,1.17236,1.17227
EUR_USD,1768900370.0,1.17223,1.17240,1.17232
EUR_USD,1768900375.0,1.17222,1.17238,1.17230
EUR_USD,1768900380.0,1.17223,1.17239,1.17231
EUR_USD,1768900385.0,1.17231,1.17247,1.17239
EUR_USD,1768900390.0,1.17216,1.17233,1.17225
EUR_USD,1768900395.0,1.17222,1.17238,1.17230
EUR_USD,1768900400.0,1.17221,1.17238,1.17230
EUR_USD,1768900405.0,1.17221,1.17236,1.17229
EUR_USD,1768900410.0,1.17220,1.17234,1.17227
EUR_USD,1768900415.0,1.17209,1.17224,1.17217
EUR_USD,1768900420.0,1.17217,1.17232,1.17224
EUR_USD,1768900425.0,1.17218,1.17232,1.17225
EUR_USD,1768900430.0,1.17221,1.17235,1.17228
EUR_USD,1768900435.0,1.17216,1.17231,1.17224
EUR_USD,1768900440.0,1.17216,1.17233,1.17225
EUR_USD,1768900445.0,1.17221,1.17235,1.17228
EUR_USD,1768900450.0,1.17203,1.17222,1.17212
EUR_USD,1768900455.0,1.17193,1.17211,1.17202
EUR_USD,1768900460.0,1.17196,1.17213,1.17204
EUR_USD,1768900465.0,1.17198,1.17215,1.17206
EUR_USD,1768900470.0,1.17195,1.17211,1.17203
EUR_USD,1768900475.0,1.17182,1.17199,1.17191
EUR_USD,1768900480.0,1.17178,1.17195,1.17186
EUR_USD,1768900485.0,1.17173,1.17190,1.17182
EUR_USD,1768900490.0,1.17180,1.17196,1.17188
EUR_USD,1768900495.0,1.17180,1.17196,1.17188
EUR_USD,1768900500.0,1.17179,1.17194,1.17186
EUR_USD,1768900505.0,1.17173,1.17189,1.17181
EUR_USD,1768900510.0,1.17171,1.17189,1.17180
EUR_USD,1768900515.0,1.17170,1.17187,1.17178
EUR_USD,1768900520.0,1.17166,1.17183,1.17175
EUR_USD,1768900525.0,1.17163,1.17180,1.17171
EUR_USD,1768900530.0,1.17164,1.17181,1.17172
EUR_USD,1768900535.0,1.17171,1.17187,1.17179
EUR_USD,1768900540.0,1.17173,1.17189,1.17181
EUR_USD,1768900545.0,1.17180,1.17197,1.17189
EUR_USD,1768900550.0,1.17182,1.17198,1.17190
EUR_USD,1768900555.0,1.17181,1.17197,1.17189
EUR_USD,1768900560.0,1.17189,1.17205,1.17197
EUR_USD,1768900565.0,1.17189,1.17206,1.17198
EUR_USD,1768900570.0,1.17189,1.17205,1.17197
EUR_USD,1768900575.0,1.17191,1.17208,1.17199
EUR_USD,1768900580.0,1.17191,1.17208,1.17199
EUR_USD,1768900585.0,1.17190,1.17207,1.17198
EUR_USD,1768900590.0,1.17188,1.17205,1.17197
EUR_USD,1768900595.0,1.17191,1.17207,1.17199
EUR_USD,1768900600.0,1.17186,1.17203,1.17195
EUR_USD,1768900605.0,1.17183,1.17199,1.17191
EUR_USD,1768900610.0,1.17183,1.17201,1.17192
EUR_USD,1768900615.0,1.17184,1.17200,1.17192
EUR_USD,1768900620.0,1.17184,1.17201,1.17192
EUR_USD,1768900625.0,1.17180,1.17197,1.17189
EUR_USD,1768900630.0,1.17182,1.17198,1.17190
EUR_USD,1768900635.0,1.17184,1.17200,1.17192
EUR_USD,1768900640.0,1.17189,1.17205,1.17197
EUR_USD,1768900645.0,1.17192,1.17208,1.17200
EUR_USD,1768900650.0,1.17192,1.17207,1.17199
EUR_USD,1768900655.0,1.17192,1.17207,1.17199
EUR_USD,1768900660.0,1.17192,1.17207,1.17199
EUR_USD,1768900665.0,1.17192,1.17208,1.17200
EUR_USD,1768900670.0,1.17190,1.17208,1.17199
EUR_USD,1768900675.0,1.17195,1.17210,1.17203
EUR_USD,1768900680.0,1.17197,1.17212,1.17205
EUR_USD,1768900685.0,1.17199,1.17215,1.17207
EUR_USD,1768900690.0,1.17191,1.17208,1.17199
EUR_USD,1768900695.0,1.17188,1.17205,1.17197
EUR_USD,1768900700.0,1.17186,1.17200,1.17193
EUR_USD,1768900705.0,1.17187,1.17202,1.17195
EUR_USD,1768900710.0,1.17184,1.17200,1.17192
EUR_USD,1768900715.0,1.17183,1.17197,1.17190
EUR_USD,1768900720.0,1.17183,1.17198,1.17190
EUR_USD,1768900725.0,1.17183,1.17198,1.17190
EUR_USD,1768900730.0,1.17181,1.17195,1.17188
EUR_USD,1768900735.0,1.17181,1.17196,1.17189
EUR_USD,1768900740.0,1.17176,1.17193,1.17184
EUR_USD,1768900745.0,1.17175,1.17192,1.17184
EUR_USD,1768900750.0,1.17171,1.17188,1.17179
EUR_USD,1768900755.0,1.17174,1.17190,1.17182
EUR_USD,1768900760.0,1.17175,1.17191,1.17183
EUR_USD,1768900765.0,1.17174,1.17191,1.17183
EUR_USD,1768900770.0,1.17169,1.17187,1.17178
EUR_USD,1768900775.0,1.17171,1.17188,1.17179
EUR_USD,1768900780.0,1.17178,1.17194,1.17186
EUR_USD,1768900785.0,1.17172,1.17188,1.17180
EUR_USD,1768900790.0,1.17171,1.17187,1.17179
EUR_USD,1768900795.0,1.17171,1.17186,1.17178
EUR_USD,1768900800.0,1.17165,1.17181,1.17173
EUR_USD,1768900805.0,1.17174,1.17190,1.17182
EUR_USD,1768900810.0,1.17175,1.17190,1.17183
EUR_USD,1768900815.0,1.17171,1.17187,1.17179
EUR_USD,1768900820.0,1.17166,1.17182,1.17174
EUR_USD,1768900825.0,1.17165,1.17181,1.17173
EUR_USD,1768900830.0,1.17170,1.17186,1.17178
EUR_USD,1768900835.0,1.17167,1.17182,1.17175
EUR_USD,1768900840.0,1.17168,1.17183,1.17176
EUR_USD,1768900845.0,1.17158,1.17174,1.17166
EUR_USD,1768900850.0,1.17160,1.17175,1.17168
EUR_USD,1768900855.0,1.17156,1.17172,1.17164
EUR_USD,1768900860.0,1.17157,1.17171,1.17164
EUR_USD,1768900865.0,1.17155,1.17170,1.17163
EUR_USD,1768900870.0,1.17158,1.17173,1.17165
EUR_USD,1768900875.0,1.17152,1.17166,1.17159
EUR_USD,1768900880.0,1.17151,1.17168,1.17159
EUR_USD,1768900885.0,1.17153,1.17169,1.17161
EUR_USD,1768900890.0,1.17154,1.17170,1.17162
EUR_USD,1768900895.0,1.17161,1.17177,1.17169
EUR_USD,1768900900.0,1.17160,1.17177,1.17169
EUR_USD,1768900905.0,1.17167,1.17182,1.17175
EUR_USD,1768900910.0,1.17163,1.17181,1.17172
EUR_USD,1768900915.0,1.17185,1.17201,1.17193
EUR_USD,1768900920.0,1.17192,1.17208,1.17200
EUR_USD,1768900925.0,1.17194,1.17209,1.17202
EUR_USD,1768900930.0,1.17186,1.17202,1.17194
EUR_USD,1768900935.0,1.17201,1.17216,1.17209
EUR_USD,1768900940.0,1.17211,1.17227,1.17219
EUR_USD,1768900945.0,1.17210,1.17225,1.17217
EUR_USD,1768900950.0,1.17215,1.17230,1.17223
EUR_USD,1768900955.0,1.17217,1.17232,1.17224
EUR_USD,1768900960.0,1.17209,1.17225,1.17217
EUR_USD,1768900965.0,1.17214,1.17231,1.17223
EUR_USD,1768900970.0,1.17211,1.17227,1.17219
EUR_USD,1768900975.0,1.17212,1.17228,1.17220
EUR_USD,1768900980.0,1.17211,1.17226,1.17219
EUR_USD,1768900985.0,1.17220,1.17236,1.17228
EUR_USD,1768900990.0,1.17219,1.17234,1.17226
EUR_USD,1768900995.0,1.17221,1.17236,1.17229
EUR_USD,1768901000.0,1.17214,1.17229,1.17222
EUR_USD,1768901005.0,1.17221,1.17236,1.17229
EUR_USD,1768901010.0,1.17219,1.17234,1.17226
EUR_USD,1768901015.0,1.17221,1.17236,1.17229
EUR_USD,1768901020.0,1.17215,1.17231,1.17223
EUR_USD,1768901025.0,1.17221,1.17235,1.17228
EUR_USD,1768901030.0,1.17217,1.17233,1.17225
EUR_USD,1768901035.0,1.17213,1.17228,1.17220
EUR_USD,1768901040.0,1.17206,1.17222,1.17214
EUR_USD,1768901045.0,1.17211,1.17225,1.17218
EUR_USD,1768901050.0,1.17211,1.17226,1.17219
EUR_USD,1768901055.0,1.17207,1.17223,1.17215
EUR_USD,1768901060.0,1.17207,1.17222,1.17214
EUR_USD,1768901065.0,1.17204,1.17221,1.17212
EUR_USD,1768901070.0,1.17213,1.17230,1.17222
EUR_USD,1768901075.0,1.17194,1.17212,1.17203
EUR_USD,1768901080.0,1.17196,1.17213,1.17204
EUR_USD,1768901085.0,1.17205,1.17220,1.17212
EUR_USD,1768901090.0,1.17207,1.17223,1.17215
EUR_USD,1768901095.0,1.17208,1.17225,1.17217
EUR_USD,1768901100.0,1.17209,1.17226,1.17218
EUR_USD,1768901105.0,1.17219,1.17237,1.17228
EUR_USD,1768901110.0,1.17217,1.17235,1.17226
EUR_USD,1768901115.0,1.17219,1.17235,1.17227
EUR_USD,1768901120.0,1.17219,1.17234,1.17226
EUR_USD,1768901125.0,1.17215,1.17232,1.17224
EUR_USD,1768901130.0,1.17219,1.17236,1.17227
EUR_USD,1768901135.0,1.17215,1.17231,1.17223
EUR_USD,1768901140.0,1.17215,1.17231,1.17223
EUR_USD,1768901145.0,1.17210,1.17227,1.17218
EUR_USD,1768901150.0,1.17208,1.17224,1.17216
EUR_USD,1768901155.0,1.17216,1.17233,1.17225
EUR_USD,1768901160.0,1.17209,1.17227,1.17218
EUR_USD,1768901165.0,1.17207,1.17224,1.17216
EUR_USD,1768901170.0,1.17212,1.17229,1.17220
EUR_USD,1768901175.0,1.17208,1.17225,1.17217
EUR_USD,1768901180.0,1.17205,1.17221,1.17213
EUR_USD,1768901185.0,1.17214,1.17231,1.17223
EUR_USD,1768901190.0,1.17215,1.17231,1.17223
EUR_USD,1768901195.0,1.17212,1.17228,1.17220
EUR_USD,1768901200.0,1.17210,1.17225,1.17217
EUR_USD,1768901205.0,1.17205,1.17221,1.17213
EUR_USD,1768901210.0,1.17203,1.17220,1.17211
EUR_USD,1768901215.0,1.17201,1.17217,1.17209
EUR_USD,1768901220.0,1.17193,1.17210,1.17202
EUR_USD,1768901225.0,1.17196,1.17212,1.17204
EUR_USD,1768901230.0,1.17200,1.17216,1.17208
EUR_USD,1768901235.0,1.17199,1.17214,1.17206
EUR_USD,1768901240.0,1.17204,1.17221,1.17212
EUR_USD,1768901245.0,1.17204,1.17219,1.17212
EUR_USD,1768901250.0,1.17200,1.17216,1.17208
EUR_USD,1768901255.0,1.17201,1.17217,1.17209
EUR_USD,1768901260.0,1.17207,1.17223,1.17215
EUR_USD,1768901265.0,1.17207,1.17223,1.17215
EUR_USD,1768901270.0,1.17218,1.17234,1.17226
EUR_USD,1768901275.0,1.17218,1.17234,1.17226
EUR_USD,1768901280.0,1.17216,1.17233,1.17225
EUR_USD,1768901285.0,1.17219,1.17236,1.17227
EUR_USD,1768901290.0,1.17216,1.17232,1.17224
EUR_USD,1768901295.0,1.17214,1.17230,1.17222
EUR_USD,1768901300.0,1.17206,1.17221,1.17213
EUR_USD,1768901305.0,1.17205,1.17222,1.17213
EUR_USD,1768901310.0,1.17209,1.17226,1.17218
EUR_USD,1768901315.0,1.17213,1.17230,1.17222
EUR_USD,1768901320.0,1.17213,1.17230,1.17222
EUR_USD,1768901325.0,1.17210,1.17226,1.17218
EUR_USD,1768901330.0,1.17217,1.17234,1.17225
EUR_USD,1768901335.0,1.17218,1.17234,1.17226
EUR_USD,1768901340.0,1.17215,1.17232,1.17224
EUR_USD,1768901345.0,1.17215,1.17231,1.17223
EUR_USD,1768901350.0,1.17216,1.17232,1.17224
EUR_USD,1768901355.0,1.17220,1.17237,1.17229
EUR_USD,1768901360.0,1.17214,1.17229,1.17222
EUR_USD,1768901365.0,1.17227,1.17242,1.17234
EUR_USD,1768901370.0,1.17225,1.17242,1.17233
EUR_USD,1768901375.0,1.17227,1.17242,1.17234
EUR_USD,1768901380.0,1.17232,1.17248,1.17240
EUR_USD,1768901385.0,1.17229,1.17244,1.17237
EUR_USD,1768901390.0,1.17240,1.17257,1.17248
EUR_USD,1768901395.0,1.17240,1.17257,1.17248
EUR_USD,1768901400.0,1.17245,1.17260,1.17253
EUR_USD,1768901405.0,1.17251,1.17267,1.17259
EUR_USD,1768901410.0,1.17250,1.17266,1.17258
EUR_USD,1768901415.0,1.17251,1.17267,1.17259
EUR_USD,1768901420.0,1.17257,1.17272,1.17264
EUR_USD,1768901425.0,1.17260,1.17277,1.17268
EUR_USD,1768901430.0,1.17264,1.17279,1.17271
EUR_USD,1768901435.0,1.17266,1.17281,1.17273
EUR_USD,1768901440.0,1.17267,1.17282,1.17274
EUR_USD,1768901445.0,1.17266,1.17282,1.17274
EUR_USD,1768901450.0,1.17269,1.17286,1.17278
EUR_USD,1768901455.0,1.17265,1.17282,1.17273
EUR_USD,1768901460.0,1.17265,1.17281,1.17273
EUR_USD,1768901465.0,1.17267,1.17282,1.17274
EUR_USD,1768901470.0,1.17266,1.17283,1.17274
EUR_USD,1768901475.0,1.17267,1.17284,1.17275
EUR_USD,1768901480.0,1.17268,1.17286,1.17277
EUR_USD,1768901485.0,1.17269,1.17287,1.17278
EUR_USD,1768901490.0,1.17271,1.17287,1.17279
EUR_USD,1768901495.0,1.17272,1.17287,1.17280
EUR_USD,1768901500.0,1.17260,1.17277,1.17268
EUR_USD,1768901505.0,1.17262,1.17279,1.17271
EUR_USD,1768901510.0,1.17264,1.17280,1.17272
EUR_USD,1768901515.0,1.17271,1.17287,1.17279
EUR_USD,1768901520.0,1.17282,1.17298,1.17290
EUR_USD,1768901525.0,1.17282,1.17298,1.17290
EUR_USD,1768901530.0,1.17280,1.17296,1.17288
EUR_USD,1768901535.0,1.17289,1.17305,1.17297
EUR_USD,1768901540.0,1.17288,1.17305,1.17297
EUR_USD,1768901545.0,1.17284,1.17299,1.17292
EUR_USD,1768901550.0,1.17289,1.17303,1.17296
EUR_USD,1768901555.0,1.17288,1.17303,1.17295
EUR_USD,1768901560.0,1.17296,1.17311,1.17304
EUR_USD,1768901565.0,1.17297,1.17313,1.17305
EUR_USD,1768901570.0,1.17292,1.17308,1.17300
EUR_USD,1768901575.0,1.17293,1.17308,1.17300
EUR_USD,1768901580.0,1.17288,1.17305,1.17297
EUR_USD,1768901585.0,1.17289,1.17305,1.17297
EUR_USD,1768901590.0,1.17289,1.17304,1.17297
EUR_USD,1768901595.0,1.17287,1.17303,1.17295
EUR_USD,1768901600.0,1.17290,1.17306,1.17298
EUR_USD,1768901605.0,1.17294,1.17310,1.17302
EUR_USD,1768901610.0,1.17308,1.17324,1.17316
EUR_USD,1768901615.0,1.17298,1.17315,1.17306
EUR_USD,1768901620.0,1.17291,1.17308,1.17299
EUR_USD,1768901625.0,1.17286,1.17302,1.17294
EUR_USD,1768901630.0,1.17285,1.17303,1.17294
EUR_USD,1768901635.0,1.17280,1.17297,1.17288
EUR_USD,1768901640.0,1.17282,1.17297,1.17290
EUR_USD,1768901645.0,1.17280,1.17296,1.17288
EUR_USD,1768901650.0,1.17273,1.17289,1.17281
EUR_USD,1768901655.0,1.17265,1.17281,1.17273
EUR_USD,1768901660.0,1.17271,1.17288,1.17279
EUR_USD,1768901665.0,1.17272,1.17289,1.17280
EUR_USD,1768901670.0,1.17269,1.17286,1.17278
EUR_USD,1768901675.0,1.17269,1.17286,1.17278
EUR_USD,1768901680.0,1.17265,1.17282,1.17273
EUR_USD,1768901685.0,1.17269,1.17286,1.17278
EUR_USD,1768901690.0,1.17262,1.17279,1.17271
EUR_USD,1768901695.0,1.17263,1.17279,1.17271
EUR_USD,1768901700.0,1.17270,1.17287,1.17279
EUR_USD,1768901705.0,1.17271,1.17288,1.17279
EUR_USD,1768901710.0,1.17270,1.17288,1.17279
EUR_USD,1768901715.0,1.17265,1.17283,1.17274
EUR_USD,1768901720.0,1.17272,1.17289,1.17280
EUR_USD,1768901725.0,1.17271,1.17288,1.17279
EUR_USD,1768901730.0,1.17271,1.17288,1.17279
EUR_USD,1768901735.0,1.17267,1.17283,1.17275
EUR_USD,1768901740.0,1.17271,1.17288,1.17279
EUR_USD,1768901745.0,1.17273,1.17289,1.17281
EUR_USD,1768901750.0,1.17276,1.17292,1.17284
EUR_USD,1768901755.0,1.17276,1.17291,1.17284
EUR_USD,1768901760.0,1.17278,1.17295,1.17286
EUR_USD,1768901765.0,1.17284,1.17300,1.17292
EUR_USD,1768901770.0,1.17289,1.17307,1.17298
EUR_USD,1768901775.0,1.17286,1.17303,1.17294
EUR_USD,1768901780.0,1.17290,1.17307,1.17299
EUR_USD,1768901785.0,1.17290,1.17307,1.17299
EUR_USD,1768901790.0,1.17286,1.17302,1.17294
EUR_USD,1768901795.0,1.17286,1.17302,1.17294
EUR_USD,1768901800.0,1.17286,1.17302,1.17294
EUR_USD,1768901805.0,1.17281,1.17298,1.17290
EUR_USD,1768901810.0,1.17286,1.17301,1.17294
EUR_USD,1768901815.0,1.17289,1.17306,1.17298
EUR_USD,1768901820.0,1.17286,1.17302,1.17294
EUR_USD,1768901825.0,1.17286,1.17302,1.17294
EUR_USD,1768901830.0,1.17288,1.17303,1.17295
EUR_USD,1768901835.0,1.17286,1.17302,1.17294
EUR_USD,1768901840.0,1.17286,1.17302,1.17294
EUR_USD,1768901845.0,1.17290,1.17306,1.17298
EUR_USD,1768901850.0,1.17292,1.17308,1.17300
EUR_USD,1768901855.0,1.17300,1.17316,1.17308
EUR_USD,1768901860.0,1.17300,1.17316,1.17308
EUR_USD,1768901865.0,1.17301,1.17317,1.17309
EUR_USD,1768901870.0,1.17300,1.17316,1.17308
EUR_USD,1768901875.0,1.17304,1.17320,1.17312
EUR_USD,1768901880.0,1.17309,1.17326,1.17318
EUR_USD,1768901885.0,1.17313,1.17328,1.17321
EUR_USD,1768901890.0,1.17312,1.17328,1.17320
EUR_USD,1768901895.0,1.17313,1.17328,1.17321
EUR_USD,1768901900.0,1.17316,1.17332,1.17324
EUR_USD,1768901905.0,1.17318,1.17335,1.17326
EUR_USD,1768901910.0,1.17314,1.17329,1.17321
EUR_USD,1768901915.0,1.17319,1.17334,1.17327
EUR_USD,1768901920.0,1.17314,1.17328,1.17321
EUR_USD,1768901925.0,1.17314,1.17329,1.17321
EUR_USD,1768901930.0,1.17311,1.17326,1.17319
EUR_USD,1768901935.0,1.17311,1.17326,1.17319
EUR_USD,1768901940.0,1.17307,1.17323,1.17315
EUR_USD,1768901945.0,1.17302,1.17317,1.17309
EUR_USD,1768901950.0,1.17296,1.17312,1.17304
EUR_USD,1768901955.0,1.17297,1.17313,1.17305
EUR_USD,1768901960.0,1.17302,1.17317,1.17309
EUR_USD,1768901965.0,1.17298,1.17312,1.17305
EUR_USD,1768901970.0,1.17296,1.17312,1.17304
EUR_USD,1768901975.0,1.17289,1.17305,1.17297
EUR_USD,1768901980.0,1.17267,1.17283,1.17275
EUR_USD,1768901985.0,1.17264,1.17279,1.17271
EUR_USD,1768901990.0,1.17273,1.17289,1.17281
EUR_USD,1768901995.0,1.17278,1.17294,1.17286
EUR_USD,1768902000.0,1.17283,1.17300,1.17292
EUR_USD,1768902005.0,1.17292,1.17307,1.17300
EUR_USD,1768902010.0,1.17301,1.17317,1.17309
EUR_USD,1768902015.0,1.17299,1.17315,1.17307
EUR_USD,1768902020.0,1.17299,1.17314,1.17307
EUR_USD,1768902025.0,1.17300,1.17316,1.17308
EUR_USD,1768902030.0,1.17299,1.17315,1.17307
EUR_USD,1768902035.0,1.17299,1.17313,1.17306
EUR_USD,1768902040.0,1.17301,1.17316,1.17308
EUR_USD,1768902045.0,1.17301,1.17316,1.17308
EUR_USD,1768902050.0,1.17300,1.17314,1.17307
EUR_USD,1768902055.0,1.17299,1.17314,1.17307
EUR_USD,1768902060.0,1.17308,1.17323,1.17315
EUR_USD,1768902065.0,1.17308,1.17323,1.17315
EUR_USD,1768902070.0,1.17311,1.17328,1.17320
EUR_USD,1768902075.0,1.17312,1.17328,1.17320
EUR_USD,1768902080.0,1.17309,1.17324,1.17317
EUR_USD,1768902085.0,1.17305,1.17322,1.17313
EUR_USD,1768902090.0,1.17306,1.17322,1.17314
EUR_USD,1768902095.0,1.17304,1.17318,1.17311
EUR_USD,1768902100.0,1.17302,1.17318,1.17310
EUR_USD,1768902105.0,1.17301,1.17317,1.17309
EUR_USD,1768902110.0,1.17296,1.17310,1.17303
EUR_USD,1768902115.0,1.17301,1.17316,1.17308
EUR_USD,1768902120.0,1.17300,1.17317,1.17308
EUR_USD,1768902125.0,1.17301,1.17318,1.17309
EUR_USD,1768902130.0,1.17302,1.17318,1.17310
EUR_USD,1768902135.0,1.17302,1.17318,1.17310
EUR_USD,1768902140.0,1.17302,1.17318,1.17310
EUR_USD,1768902145.0,1.17302,1.17318,1.17310
EUR_USD,1768902150.0,1.17300,1.17317,1.17308
EUR_USD,1768902155.0,1.17293,1.17310,1.17301
EUR_USD,1768902160.0,1.17297,1.17312,1.17305
EUR_USD,1768902165.0,1.17294,1.17310,1.17302
EUR_USD,1768902170.0,1.17301,1.17317,1.17309
EUR_USD,1768902175.0,1.17302,1.17318,1.17310
EUR_USD,1768902180.0,1.17306,1.17322,1.17314
EUR_USD,1768902185.0,1.17309,1.17325,1.17317
EUR_USD,1768902190.0,1.17305,1.17322,1.17313
EUR_USD,1768902195.0,1.17301,1.17315,1.17308
EUR_USD,1768902200.0,1.17295,1.17312,1.17304
EUR_USD,1768902205.0,1.17294,1.17310,1.17302
EUR_USD,1768902210.0,1.17300,1.17316,1.17308
EUR_USD,1768902215.0,1.17295,1.17309,1.17302
EUR_USD,1768902220.0,1.17294,1.17309,1.17301
EUR_USD,1768902225.0,1.17290,1.17304,1.17297
EUR_USD,1768902230.0,1.17291,1.17306,1.17298
EUR_USD,1768902235.0,1.17281,1.17297,1.17289
EUR_USD,1768902240.0,1.17276,1.17292,1.17284
EUR_USD,1768902245.0,1.17278,1.17294,1.17286
EUR_USD,1768902250.0,1.17277,1.17294,1.17286
EUR_USD,1768902255.0,1.17266,1.17283,1.17274
EUR_USD,1768902260.0,1.17268,1.17284,1.17276
EUR_USD,1768902265.0,1.17266,1.17283,1.17274
EUR_USD,1768902270.0,1.17269,1.17286,1.17278
EUR_USD,1768902275.0,1.17270,1.17286,1.17278
EUR_USD,1768902280.0,1.17274,1.17290,1.17282
EUR_USD,1768902285.0,1.17270,1.17287,1.17279
EUR_USD,1768902290.0,1.17266,1.17283,1.17274
EUR_USD,1768902295.0,1.17268,1.17285,1.17277
EUR_USD,1768902300.0,1.17269,1.17284,1.17277
EUR_USD,1768902305.0,1.17263,1.17279,1.17271
EUR_USD,1768902310.0,1.17260,1.17276,1.17268
EUR_USD,1768902315.0,1.17260,1.17276,1.17268
EUR_USD,1768902320.0,1.17260,1.17276,1.17268
EUR_USD,1768902325.0,1.17259,1.17277,1.17268
EUR_USD,1768902330.0,1.17259,1.17276,1.17267
EUR_USD,1768902335.0,1.17258,1.17276,1.17267
EUR_USD,1768902340.0,1.17256,1.17274,1.17265
EUR_USD,1768902345.0,1.17256,1.17272,1.17264
EUR_USD,1768902350.0,1.17255,1.17272,1.17264
EUR_USD,1768902355.0,1.17255,1.17272,1.17264
EUR_USD,1768902360.0,1.17255,1.17272,1.17264
EUR_USD,1768902365.0,1.17254,1.17271,1.17263
EUR_USD,1768902370.0,1.17252,1.17269,1.17260
EUR_USD,1768902375.0,1.17252,1.17268,1.17260
EUR_USD,1768902380.0,1.17249,1.17265,1.17257
EUR_USD,1768902385.0,1.17249,1.17266,1.17258
EUR_USD,1768902390.0,1.17244,1.17261,1.17252
EUR_USD,1768902395.0,1.17239,1.17257,1.17248
EUR_USD,1768902400.0,1.17236,1.17253,1.17245
EUR_USD,1768902405.0,1.17244,1.17261,1.17252
EUR_USD,1768902410.0,1.17245,1.17261,1.17253
EUR_USD,1768902415.0,1.17245,1.17260,1.17253
EUR_USD,1768902420.0,1.17240,1.17256,1.17248
EUR_USD,1768902425.0,1.17243,1.17257,1.17250
EUR_USD,1768902430.0,1.17241,1.17256,1.17248
EUR_USD,1768902435.0,1.17241,1.17256,1.17248
EUR_USD,1768902440.0,1.17239,1.17256,1.17247
EUR_USD,1768902445.0,1.17249,1.17265,1.17257
EUR_USD,1768902450.0,1.17250,1.17265,1.17258
EUR_USD,1768902455.0,1.17241,1.17255,1.17248
EUR_USD,1768902460.0,1.17236,1.17254,1.17245
EUR_USD,1768902465.0,1.17238,1.17253,1.17246
EUR_USD,1768902470.0,1.17235,1.17250,1.17243
EUR_USD,1768902475.0,1.17240,1.17256,1.17248
EUR_USD,1768902480.0,1.17239,1.17257,1.17248
EUR_USD,1768902485.0,1.17234,1.17251,1.17243
EUR_USD,1768902490.0,1.17234,1.17251,1.17243
EUR_USD,1768902495.0,1.17234,1.17251,1.17243
EUR_USD,1768902500.0,1.17238,1.17256,1.17247
EUR_USD,1768902505.0,1.17235,1.17253,1.17244
EUR_USD,1768902510.0,1.17223,1.17242,1.17233
EUR_USD,1768902515.0,1.17229,1.17247,1.17238
EUR_USD,1768902520.0,1.17228,1.17245,1.17237
EUR_USD,1768902525.0,1.17230,1.17246,1.17238
EUR_USD,1768902530.0,1.17232,1.17248,1.17240
EUR_USD,1768902535.0,1.17230,1.17247,1.17238
EUR_USD,1768902540.0,1.17234,1.17251,1.17243
EUR_USD,1768902545.0,1.17238,1.17256,1.17247
EUR_USD,1768902550.0,1.17238,1.17256,1.17247
EUR_USD,1768902555.0,1.17234,1.17250,1.17242
EUR_USD,1768902560.0,1.17234,1.17250,1.17242
EUR_USD,1768902565.0,1.17236,1.17251,1.17244
EUR_USD,1768902570.0,1.17225,1.17242,1.17233
EUR_USD,1768902575.0,1.17230,1.17246,1.17238
EUR_USD,1768902580.0,1.17230,1.17246,1.17238
EUR_USD,1768902585.0,1.17230,1.17246,1.17238
EUR_USD,1768902590.0,1.17230,1.17246,1.17238
EUR_USD,1768902595.0,1.17230,1.17246,1.17238
EUR_USD,1768902600.0,1.17230,1.17245,1.17237
EUR_USD,1768902605.0,1.17229,1.17246,1.17238
EUR_USD,1768902610.0,1.17231,1.17246,1.17239
EUR_USD,1768902615.0,1.17236,1.17253,1.17245
EUR_USD,1768902620.0,1.17239,1.17255,1.17247
EUR_USD,1768902625.0,1.17235,1.17252,1.17244
EUR_USD,1768902630.0,1.17236,1.17251,1.17244
EUR_USD,1768902635.0,1.17232,1.17249,1.17240
EUR_USD,1768902640.0,1.17226,1.17242,1.17234
EUR_USD,1768902645.0,1.17225,1.17243,1.17234
EUR_USD,1768902650.0,1.17233,1.17250,1.17241
EUR_USD,1768902655.0,1.17239,1.17255,1.17247
EUR_USD,1768902660.0,1.17238,1.17255,1.17246
EUR_USD,1768902665.0,1.17249,1.17265,1.17257
EUR_USD,1768902670.0,1.17244,1.17261,1.17252
EUR_USD,1768902675.0,1.17236,1.17253,1.17245
EUR_USD,1768902680.0,1.17236,1.17253,1.17245
EUR_USD,1768902685.0,1.17233,1.17249,1.17241
EUR_USD,1768902690.0,1.17223,1.17240,1.17232
EUR_USD,1768902695.0,1.17230,1.17247,1.17238
EUR_USD,1768902700.0,1.17232,1.17248,1.17240
EUR_USD,1768902705.0,1.17232,1.17248,1.17240
EUR_USD,1768902710.0,1.17235,1.17250,1.17243
EUR_USD,1768902715.0,1.17235,1.17251,1.17243
EUR_USD,1768902720.0,1.17237,1.17253,1.17245
EUR_USD,1768902725.0,1.17231,1.17247,1.17239
EUR_USD,1768902730.0,1.17230,1.17246,1.17238
EUR_USD,1768902735.0,1.17230,1.17246,1.17238
EUR_USD,1768902740.0,1.17229,1.17245,1.17237
EUR_USD,1768902745.0,1.17229,1.17245,1.17237
EUR_USD,1768902750.0,1.17231,1.17248,1.17239
EUR_USD,1768902755.0,1.17229,1.17246,1.17238
EUR_USD,1768902760.0,1.17230,1.17246,1.17238
EUR_USD,1768902765.0,1.17231,1.17246,1.17239
EUR_USD,1768902770.0,1.17233,1.17249,1.17241
EUR_USD,1768902775.0,1.17231,1.17247,1.17239
EUR_USD,1768902780.0,1.17231,1.17247,1.17239
EUR_USD,1768902785.0,1.17232,1.17246,1.17239
EUR_USD,1768902790.0,1.17236,1.17252,1.17244
EUR_USD,1768902795.0,1.17231,1.17246,1.17239
EUR_USD,1768902800.0,1.17232,1.17247,1.17239
EUR_USD,1768902805.0,1.17232,1.17249,1.17240
EUR_USD,1768902810.0,1.17230,1.17246,1.17238
EUR_USD,1768902815.0,1.17230,1.17247,1.17238
EUR_USD,1768902820.0,1.17227,1.17244,1.17236
EUR_USD,1768902825.0,1.17232,1.17248,1.17240
EUR_USD,1768902830.0,1.17231,1.17247,1.17239
EUR_USD,1768902835.0,1.17231,1.17248,1.17239
EUR_USD,1768902840.0,1.17232,1.17248,1.17240
EUR_USD,1768902845.0,1.17229,1.17246,1.17238
EUR_USD,1768902850.0,1.17226,1.17244,1.17235
EUR_USD,1768902855.0,1.17231,1.17248,1.17239
EUR_USD,1768902860.0,1.17231,1.17248,1.17239
EUR_USD,1768902865.0,1.17230,1.17247,1.17238
EUR_USD,1768902870.0,1.17231,1.17246,1.17239
EUR_USD,1768902875.0,1.17230,1.17247,1.17238
EUR_USD,1768902880.0,1.17228,1.17244,1.17236
EUR_USD,1768902885.0,1.17218,1.17235,1.17226
EUR_USD,1768902890.0,1.17226,1.17241,1.17233
EUR_USD,1768902895.0,1.17225,1.17241,1.17233
EUR_USD,1768902900.0,1.17235,1.17252,1.17244
EUR_USD,1768902905.0,1.17238,1.17256,1.17247
EUR_USD,1768902910.0,1.17236,1.17253,1.17245
EUR_USD,1768902915.0,1.17233,1.17250,1.17241
EUR_USD,1768902920.0,1.17234,1.17250,1.17242
EUR_USD,1768902925.0,1.17231,1.17246,1.17239
EUR_USD,1768902930.0,1.17229,1.17247,1.17238
EUR_USD,1768902935.0,1.17229,1.17246,1.17238
EUR_USD,1768902940.0,1.17231,1.17248,1.17239
EUR_USD,1768902945.0,1.17225,1.17242,1.17233
EUR_USD,1768902950.0,1.17228,1.17246,1.17237
EUR_USD,1768902955.0,1.17230,1.17247,1.17238
EUR_USD,1768902960.0,1.17231,1.17248,1.17239
EUR_USD,1768902965.0,1.17234,1.17250,1.17242
EUR_USD,1768902970.0,1.17236,1.17252,1.17244
EUR_USD,1768902975.0,1.17235,1.17251,1.17243
EUR_USD,1768902980.0,1.17245,1.17260,1.17253
EUR_USD,1768902985.0,1.17246,1.17260,1.17253
EUR_USD,1768902990.0,1.17244,1.17260,1.17252
EUR_USD,1768902995.0,1.17245,1.17262,1.17253
EUR_USD,1768903000.0,1.17245,1.17262,1.17253
EUR_USD,1768903005.0,1.17247,1.17263,1.17255
EUR_USD,1768903010.0,1.17249,1.17264,1.17257
EUR_USD,1768903015.0,1.17249,1.17266,1.17258
EUR_USD,1768903020.0,1.17252,1.17270,1.17261
EUR_USD,1768903025.0,1.17256,1.17273,1.17265
EUR_USD,1768903030.0,1.17254,1.17271,1.17263
EUR_USD,1768903035.0,1.17251,1.17267,1.17259
EUR_USD,1768903040.0,1.17252,1.17269,1.17260
EUR_USD,1768903045.0,1.17252,1.17268,1.17260
EUR_USD,1768903050.0,1.17248,1.17264,1.17256
EUR_USD,1768903055.0,1.17242,1.17259,1.17251
EUR_USD,1768903060.0,1.17241,1.17258,1.17250
EUR_USD,1768903065.0,1.17241,1.17257,1.17249
EUR_USD,1768903070.0,1.17239,1.17255,1.17247
EUR_USD,1768903075.0,1.17239,1.17255,1.17247
EUR_USD,1768903080.0,1.17241,1.17256,1.17248
EUR_USD,1768903085.0,1.17241,1.17256,1.17248
EUR_USD,1768903090.0,1.17239,1.17255,1.17247
EUR_USD,1768903095.0,1.17238,1.17254,1.17246
EUR_USD,1768903100.0,1.17248,1.17264,1.17256
EUR_USD,1768903105.0,1.17248,1.17263,1.17256
EUR_USD,1768903110.0,1.17252,1.17268,1.17260
EUR_USD,1768903115.0,1.17253,1.17268,1.17260
EUR_USD,1768903120.0,1.17253,1.17268,1.17260
EUR_USD,1768903125.0,1.17253,1.17268,1.17260
EUR_USD,1768903130.0,1.17249,1.17264,1.17257
EUR_USD,1768903135.0,1.17249,1.17264,1.17257
EUR_USD,1768903140.0,1.17249,1.17265,1.17257
EUR_USD,1768903145.0,1.17249,1.17264,1.17257
EUR_USD,1768903150.0,1.17248,1.17264,1.17256
EUR_USD,1768903155.0,1.17248,1.17262,1.17255
EUR_USD,1768903160.0,1.17246,1.17262,1.17254
EUR_USD,1768903165.0,1.17246,1.17262,1.17254
EUR_USD,1768903170.0,1.17251,1.17267,1.17259
EUR_USD,1768903175.0,1.17251,1.17267,1.17259
EUR_USD,1768903180.0,1.17254,1.17270,1.17262
EUR_USD,1768903185.0,1.17253,1.17269,1.17261
EUR_USD,1768903190.0,1.17251,1.17267,1.17259
EUR_USD,1768903195.0,1.17253,1.17271,1.17262
EUR_USD,1768903200.0,1.17277,1.17296,1.17287
EUR_USD,1768903205.0,1.17268,1.17286,1.17277
EUR_USD,1768903210.0,1.17290,1.17306,1.17298
EUR_USD,1768903215.0,1.17277,1.17295,1.17286
EUR_USD,1768903220.0,1.17274,1.17290,1.17282
EUR_USD,1768903225.0,1.17275,1.17290,1.17283
EUR_USD,1768903230.0,1.17275,1.17292,1.17284
EUR_USD,1768903235.0,1.17272,1.17286,1.17279
EUR_USD,1768903240.0,1.17275,1.17289,1.17282
EUR_USD,1768903245.0,1.17286,1.17301,1.17294
EUR_USD,1768903250.0,1.17283,1.17299,1.17291
EUR_USD,1768903255.0,1.17282,1.17299,1.17291
EUR_USD,1768903260.0,1.17280,1.17294,1.17287
EUR_USD,1768903265.0,1.17285,1.17300,1.17292
EUR_USD,1768903270.0,1.17278,1.17295,1.17286
EUR_USD,1768903275.0,1.17286,1.17302,1.17294
EUR_USD,1768903280.0,1.17289,1.17305,1.17297
EUR_USD,1768903285.0,1.17289,1.17306,1.17298
EUR_USD,1768903290.0,1.17291,1.17309,1.17300
EUR_USD,1768903295.0,1.17288,1.17304,1.17296
EUR_USD,1768903300.0,1.17280,1.17298,1.17289
EUR_USD,1768903305.0,1.17276,1.17293,1.17285
EUR_USD,1768903310.0,1.17280,1.17297,1.17288
EUR_USD,1768903315.0,1.17270,1.17288,1.17279
EUR_USD,1768903320.0,1.17271,1.17288,1.17279
EUR_USD,1768903325.0,1.17276,1.17293,1.17285
EUR_USD,1768903330.0,1.17271,1.17289,1.17280
EUR_USD,1768903335.0,1.17269,1.17286,1.17278
EUR_USD,1768903340.0,1.17269,1.17286,1.17278
EUR_USD,1768903345.0,1.17266,1.17282,1.17274
EUR_USD,1768903350.0,1.17263,1.17278,1.17271
EUR_USD,1768903355.0,1.17265,1.17280,1.17273
EUR_USD,1768903360.0,1.17263,1.17279,1.17271
EUR_USD,1768903365.0,1.17268,1.17284,1.17276
EUR_USD,1768903370.0,1.17266,1.17282,1.17274
EUR_USD,1768903375.0,1.17266,1.17283,1.17274
EUR_USD,1768903380.0,1.17269,1.17285,1.17277
EUR_USD,1768903385.0,1.17262,1.17279,1.17271
EUR_USD,1768903390.0,1.17271,1.17287,1.17279
EUR_USD,1768903395.0,1.17268,1.17283,1.17275
EUR_USD,1768903400.0,1.17269,1.17285,1.17277
EUR_USD,1768903405.0,1.17270,1.17288,1.17279
EUR_USD,1768903410.0,1.17271,1.17288,1.17279
EUR_USD,1768903415.0,1.17268,1.17286,1.17277
EUR_USD,1768903420.0,1.17272,1.17289,1.17280
EUR_USD,1768903425.0,1.17262,1.17278,1.17270
EUR_USD,1768903430.0,1.17263,1.17279,1.17271
EUR_USD,1768903435.0,1.17268,1.17285,1.17277
EUR_USD,1768903440.0,1.17267,1.17284,1.17275
EUR_USD,1768903445.0,1.17267,1.17283,1.17275
EUR_USD,1768903450.0,1.17260,1.17275,1.17267
EUR_USD,1768903455.0,1.17263,1.17279,1.17271
EUR_USD,1768903460.0,1.17263,1.17279,1.17271
EUR_USD,1768903465.0,1.17260,1.17276,1.17268
EUR_USD,1768903470.0,1.17261,1.17277,1.17269
EUR_USD,1768903475.0,1.17253,1.17269,1.17261
EUR_USD,1768903480.0,1.17251,1.17267,1.17259
EUR_USD,1768903485.0,1.17266,1.17282,1.17274
EUR_USD,1768903490.0,1.17277,1.17295,1.17286
EUR_USD,1768903495.0,1.17273,1.17291,1.17282
EUR_USD,1768903500.0,1.17264,1.17281,1.17272
EUR_USD,1768903505.0,1.17264,1.17282,1.17273
EUR_USD,1768903510.0,1.17266,1.17282,1.17274
EUR_USD,1768903515.0,1.17262,1.17279,1.17271
EUR_USD,1768903520.0,1.17262,1.17278,1.17270
EUR_USD,1768903525.0,1.17263,1.17279,1.17271
EUR_USD,1768903530.0,1.17261,1.17279,1.17270
EUR_USD,1768903535.0,1.17260,1.17278,1.17269
EUR_USD,1768903540.0,1.17260,1.17277,1.17268
EUR_USD,1768903545.0,1.17260,1.17277,1.17268
EUR_USD,1768903550.0,1.17262,1.17278,1.17270
EUR_USD,1768903555.0,1.17262,1.17278,1.17270
EUR_USD,1768903560.0,1.17275,1.17292,1.17284
EUR_USD,1768903565.0,1.17274,1.17291,1.17283
EUR_USD,1768903570.0,1.17273,1.17290,1.17281
EUR_USD,1768903575.0,1.17274,1.17290,1.17282
EUR_USD,1768903580.0,1.17281,1.17296,1.17288
EUR_USD,1768903585.0,1.17281,1.17298,1.17290
EUR_USD,1768903590.0,1.17283,1.17299,1.17291
EUR_USD,1768903595.0,1.17284,1.17300,1.17292
EUR_USD,1768903600.0,1.17277,1.17294,1.17286
EUR_USD,1768903605.0,1.17276,1.17293,1.17285
EUR_USD,1768903610.0,1.17272,1.17289,1.17280
EUR_USD,1768903615.0,1.17271,1.17289,1.17280
EUR_USD,1768903620.0,1.17277,1.17293,1.17285
EUR_USD,1768903625.0,1.17280,1.17297,1.17288
EUR_USD,1768903630.0,1.17282,1.17298,1.17290
EUR_USD,1768903635.0,1.17282,1.17298,1.17290
EUR_USD,1768903640.0,1.17280,1.17296,1.17288
EUR_USD,1768903645.0,1.17282,1.17297,1.17290
EUR_USD,1768903650.0,1.17293,1.17308,1.17300
EUR_USD,1768903655.0,1.17288,1.17305,1.17297
EUR_USD,1768903660.0,1.17298,1.17315,1.17306
EUR_USD,1768903665.0,1.17292,1.17309,1.17300
EUR_USD,1768903670.0,1.17295,1.17312,1.17304
EUR_USD,1768903675.0,1.17297,1.17313,1.17305
EUR_USD,1768903680.0,1.17297,1.17314,1.17306
