instrument,ts,bid,ask,mid
EUR_USD,1769536140.0,1.19785,1.19802,1.19794
EUR_USD,1769536145.0,1.19795,1.19811,1.19803
EUR_USD,1769536150.0,1.19802,1.19818,1.19810
EUR_USD,1769536155.0,1.19805,1.19822,1.19814
EUR_USD,1769536160.0,1.19811,1.19827,1.19819
EUR_USD,1769536165.0,1.19817,1.19833,1.19825
EUR_USD,1769536170.0,1.19816,1.19832,1.19824
EUR_USD,1769536175.0,1.19808,1.19825,1.19816
EUR_USD,1769536180.0,1.19805,1.19823,1.19814
EUR_USD,1769536185.0,1.19802,1.19820,1.19811
EUR_USD,1769536190.0,1.19801,1.19818,1.19809
EUR_USD,1769536195.0,1.19803,1.19820,1.19812
EUR_USD,1769536200.0,1.19778,1.19795,1.19787
EUR_USD,1769536205.0,1.19783,1.19800,1.19792
EUR_USD,1769536210.0,1.19784,1.19801,1.19793
EUR_USD,1769536215.0,1.19783,1.19800,1.19792
EUR_USD,1769536220.0,1.19783,1.19799,1.19791
EUR_USD,1769536225.0,1.19783,1.19798,1.19790
EUR_USD,1769536230.0,1.19784,1.19799,1.19792
EUR_USD,1769536235.0,1.19778,1.19794,1.19786
EUR_USD,1769536240.0,1.19777,1.19794,1.19786
EUR_USD,1769536245.0,1.19773,1.19790,1.19781
EUR_USD,1769536250.0,1.19768,1.19785,1.19776
EUR_USD,1769536255.0,1.19763,1.19779,1.19771
EUR_USD,1769536260.0,1.19774,1.19791,1.19782
EUR_USD,1769536265.0,1.19777,1.19792,1.19785
EUR_USD,1769536270.0,1.19785,1.19801,1.19793
EUR_USD,1769536275.0,1.19781,1.19796,1.19788
EUR_USD,1769536280.0,1.19786,1.19802,1.19794
EUR_USD,1769536285.0,1.19787,1.19803,1.19795
EUR_USD,1769536290.0,1.19795,1.19811,1.19803
EUR_USD,1769536295.0,1.19795,1.19811,1.19803
EUR_USD,1769536300.0,1.19795,1.19813,1.19804
EUR_USD,1769536305.0,1.19796,1.19812,1.19804
EUR_USD,1769536310.0,1.19802,1.19820,1.19811
EUR_USD,1769536315.0,1.19801,1.19817,1.19809
EUR_USD,1769536320.0,1.19801,1.19817,1.19809
EUR_USD,1769536325.0,1.19795,1.19811,1.19803
EUR_USD,1769536330.0,1.19798,1.19815,1.19807
EUR_USD,1769536335.0,1.19800,1.19816,1.19808
EUR_USD,1769536340.0,1.19802,1.19818,1.19810
EUR_USD,1769536345.0,1.19802,1.19819,1.19810
EUR_USD,1769536350.0,1.19795,1.19810,1.19802
EUR_USD,1769536355.0,1.19794,1.19809,1.19802
EUR_USD,1769536360.0,1.19791,1.19807,1.19799
EUR_USD,1769536365.0,1.19791,1.19807,1.19799
EUR_USD,1769536370.0,1.19790,1.19808,1.19799
EUR_USD,1769536375.0,1.19792,1.19809,1.19801
EUR_USD,1769536380.0,1.19790,1.19806,1.19798
EUR_USD,1769536385.0,1.19789,1.19805,1.19797
EUR_USD,1769536390.0,1.19782,1.19799,1.19790
EUR_USD,1769536395.0,1.19778,1.19796,1.19787
EUR_USD,1769536400.0,1.19779,1.19797,1.19788
EUR_USD,1769536405.0,1.19780,1.19796,1.19788
EUR_USD,1769536410.0,1.19776,1.19792,1.19784
EUR_USD,1769536415.0,1.19781,1.19798,1.19789
EUR_USD,1769536420.0,1.19782,1.19798,1.19790
EUR_USD,1769536425.0,1.19781,1.19798,1.19789
EUR_USD,1769536430.0,1.19782,1.19799,1.19790
EUR_USD,1769536435.0,1.19782,1.19798,1.19790
EUR_USD,1769536440.0,1.19778,1.19794,1.19786
EUR_USD,1769536445.0,1.19779,1.19795,1.19787
EUR_USD,1769536450.0,1.19780,1.19795,1.19788
EUR_USD,1769536455.0,1.19780,1.19796,1.19788
EUR_USD,1769536460.0,1.19793,1.19810,1.19801
EUR_USD,1769536465.0,1.19785,1.19803,1.19794
EUR_USD,1769536470.0,1.19789,1.19807,1.19798
EUR_USD,1769536475.0,1.19784,1.19801,1.19793
EUR_USD,1769536480.0,1.19778,1.19795,1.19787
EUR_USD,1769536485.0,1.19767,1.19784,1.19775
EUR_USD,1769536490.0,1.19762,1.19779,1.19771
EUR_USD,1769536495.0,1.19765,1.19781,1.19773
EUR_USD,1769536500.0,1.19763,1.19780,1.19772
EUR_USD,1769536505.0,1.19769,1.19786,1.19778
EUR_USD,1769536510.0,1.19773,1.19792,1.19782
EUR_USD,1769536515.0,1.19777,1.19795,1.19786
EUR_USD,1769536520.0,1.19777,1.19794,1.19786
EUR_USD,1769536525.0,1.19778,1.19795,1.19787
EUR_USD,1769536530.0,1.19784,1.19801,1.19793
EUR_USD,1769536535.0,1.19784,1.19801,1.19793
EUR_USD,1769536540.0,1.19782,1.19800,1.19791
EUR_USD,1769536545.0,1.19782,1.19799,1.19790
EUR_USD,1769536550.0,1.19777,1.19795,1.19786
EUR_USD,1769536555.0,1.19782,1.19799,1.19790
EUR_USD,1769536560.0,1.19783,1.19800,1.19792
EUR_USD,1769536565.0,1.19783,1.19800,1.19792
EUR_USD,1769536570.0,1.19783,1.19800,1.19792
EUR_USD,1769536575.0,1.19789,1.19805,1.19797
EUR_USD,1769536580.0,1.19790,1.19808,1.19799
EUR_USD,1769536585.0,1.19793,1.19810,1.19801
EUR_USD,1769536590.0,1.19784,1.19801,1.19793
EUR_USD,1769536595.0,1.19780,1.19797,1.19788
EUR_USD,1769536600.0,1.19777,1.19794,1.19786
EUR_USD,1769536605.0,1.19778,1.19795,1.19787
EUR_USD,1769536610.0,1.19777,1.19793,1.19785
EUR_USD,1769536615.0,1.19768,1.19785,1.19776
EUR_USD,1769536620.0,1.19763,1.19780,1.19772
EUR_USD,1769536625.0,1.19772,1.19789,1.19780
EUR_USD,1769536630.0,1.19776,1.19792,1.19784
EUR_USD,1769536635.0,1.19779,1.19796,1.19787
EUR_USD,1769536640.0,1.19776,1.19793,1.19785
EUR_USD,1769536645.0,1.19769,1.19787,1.19778
EUR_USD,1769536650.0,1.19773,1.19790,1.19781
EUR_USD,1769536655.0,1.19774,1.19791,1.19782
EUR_USD,1769536660.0,1.19774,1.19791,1.19782
EUR_USD,1769536665.0,1.19766,1.19783,1.19774
EUR_USD,1769536670.0,1.19766,1.19783,1.19774
EUR_USD,1769536675.0,1.19769,1.19786,1.19778
EUR_USD,1769536680.0,1.19766,1.19783,1.19774
EUR_USD,1769536685.0,1.19764,1.19780,1.19772
EUR_USD,1769536690.0,1.19764,1.19781,1.19773
EUR_USD,1769536695.0,1.19775,1.19792,1.19783
EUR_USD,1769536700.0,1.19778,1.19795,1.19787
EUR_USD,1769536705.0,1.19778,1.19795,1.19787
EUR_USD,1769536710.0,1.19782,1.19798,1.19790
EUR_USD,1769536715.0,1.19790,1.19807,1.19799
EUR_USD,1769536720.0,1.19786,1.19803,1.19794
EUR_USD,1769536725.0,1.19780,1.19796,1.19788
EUR_USD,1769536730.0,1.19779,1.19796,1.19787
EUR_USD,1769536735.0,1.19779,1.19796,1.19787
EUR_USD,1769536740.0,1.19781,1.19798,1.19789
EUR_USD,1769536745.0,1.19791,1.19808,1.19800
EUR_USD,1769536750.0,1.19795,1.19810,1.19802
EUR_USD,1769536755.0,1.19793,1.19810,1.19801
EUR_USD,1769536760.0,1.19780,1.19798,1.19789
EUR_USD,1769536765.0,1.19782,1.19799,1.19790
EUR_USD,1769536770.0,1.19783,1.19799,1.19791
EUR_USD,1769536775.0,1.19783,1.19800,1.19792
EUR_USD,1769536780.0,1.19790,1.19807,1.19799
EUR_USD,1769536785.0,1.19790,1.19806,1.19798
EUR_USD,1769536790.0,1.19793,1.19810,1.19801
EUR_USD,1769536795.0,1.19792,1.19807,1.19800
EUR_USD,1769536800.0,1.19800,1.19817,1.19808
EUR_USD,1769536805.0,1.19797,1.19814,1.19806
EUR_USD,1769536810.0,1.19797,1.19815,1.19806
EUR_USD,1769536815.0,1.19794,1.19811,1.19802
EUR_USD,1769536820.0,1.19795,1.19812,1.19803
EUR_USD,1769536825.0,1.19805,1.19820,1.19813
EUR_USD,1769536830.0,1.19807,1.19824,1.19815
EUR_USD,1769536835.0,1.19803,1.19821,1.19812
EUR_USD,1769536840.0,1.19805,1.19821,1.19813
EUR_USD,1769536845.0,1.19806,1.19820,1.19813
EUR_USD,1769536850.0,1.19806,1.19821,1.19813
EUR_USD,1769536855.0,1.19806,1.19821,1.19813
EUR_USD,1769536860.0,1.19804,1.19820,1.19812
EUR_USD,1769536865.0,1.19802,1.19818,1.19810
EUR_USD,1769536870.0,1.19807,1.19822,1.19815
EUR_USD,1769536875.0,1.19807,1.19823,1.19815
EUR_USD,1769536880.0,1.19805,1.19822,1.19814
EUR_USD,1769536885.0,1.19804,1.19820,1.19812
EUR_USD,1769536890.0,1.19804,1.19819,1.19812
EUR_USD,1769536895.0,1.19797,1.19814,1.19806
EUR_USD,1769536900.0,1.19798,1.19814,1.19806
EUR_USD,1769536905.0,1.19798,1.19813,1.19806
EUR_USD,1769536910.0,1.19812,1.19830,1.19821
EUR_USD,1769536915.0,1.19806,1.19822,1.19814
EUR_USD,1769536920.0,1.19803,1.19819,1.19811
EUR_USD,1769536925.0,1.19805,1.19822,1.19814
EUR_USD,1769536930.0,1.19809,1.19827,1.19818
EUR_USD,1769536935.0,1.19809,1.19826,1.19817
EUR_USD,1769536940.0,1.19816,1.19833,1.19825
EUR_USD,1769536945.0,1.19820,1.19837,1.19828
EUR_USD,1769536950.0,1.19823,1.19839,1.19831
EUR_USD,1769536955.0,1.19826,1.19843,1.19835
EUR_USD,1769536960.0,1.19824,1.19841,1.19833
EUR_USD,1769536965.0,1.19825,1.19842,1.19834
EUR_USD,1769536970.0,1.19826,1.19842,1.19834
EUR_USD,1769536975.0,1.19826,1.19842,1.19834
EUR_USD,1769536980.0,1.19836,1.19851,1.19843
EUR_USD,1769536985.0,1.19841,1.19856,1.19849
EUR_USD,1769536990.0,1.19850,1.19865,1.19857
EUR_USD,1769536995.0,1.19854,1.19868,1.19861
EUR_USD,1769537000.0,1.19856,1.19872,1.19864
EUR_USD,1769537005.0,1.19852,1.19869,1.19861
EUR_USD,1769537010.0,1.19848,1.19864,1.19856
EUR_USD,1769537015.0,1.19841,1.19858,1.19849
EUR_USD,1769537020.0,1.19851,1.19867,1.19859
EUR_USD,1769537025.0,1.19863,1.19878,1.19870
EUR_USD,1769537030.0,1.19857,1.19873,1.19865
EUR_USD,1769537035.0,1.19853,1.19869,1.19861
EUR_USD,1769537040.0,1.19847,1.19863,1.19855
EUR_USD,1769537045.0,1.19849,1.19866,1.19857
EUR_USD,1769537050.0,1.19851,1.19868,1.19860
EUR_USD,1769537055.0,1.19851,1.19867,1.19859
EUR_USD,1769537060.0,1.19851,1.19868,1.19860
EUR_USD,1769537065.0,1.19852,1.19868,1.19860
EUR_USD,1769537070.0,1.19853,1.19869,1.19861
EUR_USD,1769537075.0,1.19860,1.19876,1.19868
EUR_USD,1769537080.0,1.19858,1.19875,1.19867
EUR_USD,1769537085.0,1.19861,1.19878,1.19869
EUR_USD,1769537090.0,1.19865,1.19881,1.19873
EUR_USD,1769537095.0,1.19857,1.19873,1.19865
EUR_USD,1769537100.0,1.19841,1.19857,1.19849
EUR_USD,1769537105.0,1.19840,1.19857,1.19848
EUR_USD,1769537110.0,1.19831,1.19848,1.19840
EUR_USD,1769537115.0,1.19834,1.19849,1.19842
EUR_USD,1769537120.0,1.19825,1.19841,1.19833
EUR_USD,1769537125.0,1.19828,1.19844,1.19836
EUR_USD,1769537130.0,1.19828,1.19846,1.19837
EUR_USD,1769537135.0,1.19831,1.19847,1.19839
EUR_USD,1769537140.0,1.19827,1.19843,1.19835
EUR_USD,1769537145.0,1.19830,1.19846,1.19838
EUR_USD,1769537150.0,1.19829,1.19845,1.19837
EUR_USD,1769537155.0,1.19830,1.19847,1.19839
EUR_USD,1769537160.0,1.19828,1.19845,1.19836
EUR_USD,1769537165.0,1.19820,1.19837,1.19828
EUR_USD,1769537170.0,1.19820,1.19838,1.19829
EUR_USD,1769537175.0,1.19821,1.19838,1.19829
EUR_USD,1769537180.0,1.19824,1.19840,1.19832
EUR_USD,1769537185.0,1.19825,1.19841,1.19833
EUR_USD,1769537190.0,1.19825,1.19842,1.19834
EUR_USD,1769537195.0,1.19821,1.19837,1.19829
EUR_USD,1769537200.0,1.19819,1.19836,1.19828
EUR_USD,1769537205.0,1.19819,1.19836,1.19828
EUR_USD,1769537210.0,1.19821,1.19838,1.19829
EUR_USD,1769537215.0,1.19825,1.19841,1.19833
EUR_USD,1769537220.0,1.19826,1.19843,1.19835
EUR_USD,1769537225.0,1.19825,1.19843,1.19834
EUR_USD,1769537230.0,1.19825,1.19843,1.19834
EUR_USD,1769537235.0,1.19830,1.19847,1.19839
EUR_USD,1769537240.0,1.19830,1.19847,1.19839
EUR_USD,1769537245.0,1.19833,1.19850,1.19841
EUR_USD,1769537250.0,1.19841,1.19858,1.19849
EUR_USD,1769537255.0,1.19851,1.19869,1.19860
EUR_USD,1769537260.0,1.19851,1.19866,1.19859
EUR_USD,1769537265.0,1.19845,1.19861,1.19853
EUR_USD,1769537270.0,1.19846,1.19862,1.19854
EUR_USD,1769537275.0,1.19845,1.19862,1.19854
EUR_USD,1769537280.0,1.19849,1.19865,1.19857
EUR_USD,1769537285.0,1.19846,1.19862,1.19854
EUR_USD,1769537290.0,1.19848,1.19864,1.19856
EUR_USD,1769537295.0,1.19839,1.19854,1.19847
EUR_USD,1769537300.0,1.19832,1.19850,1.19841
EUR_USD,1769537305.0,1.19831,1.19848,1.19840
EUR_USD,1769537310.0,1.19825,1.19841,1.19833
EUR_USD,1769537315.0,1.19815,1.19830,1.19822
EUR_USD,1769537320.0,1.19812,1.19830,1.19821
EUR_USD,1769537325.0,1.19810,1.19828,1.19819
EUR_USD,1769537330.0,1.19809,1.19827,1.19818
EUR_USD,1769537335.0,1.19798,1.19815,1.19807
EUR_USD,1769537340.0,1.19790,1.19807,1.19799
EUR_USD,1769537345.0,1.19795,1.19811,1.19803
EUR_USD,1769537350.0,1.19794,1.19811,1.19802
EUR_USD,1769537355.0,1.19798,1.19814,1.19806
EUR_USD,1769537360.0,1.19799,1.19815,1.19807
EUR_USD,1769537365.0,1.19803,1.19820,1.19812
EUR_USD,1769537370.0,1.19799,1.19816,1.19808
EUR_USD,1769537375.0,1.19803,1.19821,1.19812
EUR_USD,1769537380.0,1.19805,1.19823,1.19814
EUR_USD,1769537385.0,1.19797,1.19814,1.19806
EUR_USD,1769537390.0,1.19799,1.19816,1.19808
EUR_USD,1769537395.0,1.19798,1.19816,1.19807
EUR_USD,1769537400.0,1.19795,1.19812,1.19803
EUR_USD,1769537405.0,1.19795,1.19812,1.19803
EUR_USD,1769537410.0,1.19793,1.19810,1.19801
EUR_USD,1769537415.0,1.19790,1.19806,1.19798
EUR_USD,1769537420.0,1.19791,1.19808,1.19800
EUR_USD,1769537425.0,1.19796,1.19813,1.19805
EUR_USD,1769537430.0,1.19796,1.19811,1.19803
EUR_USD,1769537435.0,1.19783,1.19800,1.19792
EUR_USD,1769537440.0,1.19785,1.19802,1.19794
EUR_USD,1769537445.0,1.19787,1.19804,1.19795
EUR_USD,1769537450.0,1.19790,1.19806,1.19798
EUR_USD,1769537455.0,1.19793,1.19810,1.19801
EUR_USD,1769537460.0,1.19776,1.19794,1.19785
EUR_USD,1769537465.0,1.19776,1.19794,1.19785
EUR_USD,1769537470.0,1.19775,1.19793,1.19784
EUR_USD,1769537475.0,1.19774,1.19791,1.19782
EUR_USD,1769537480.0,1.19763,1.19782,1.19773
EUR_USD,1769537485.0,1.19766,1.19784,1.19775
EUR_USD,1769537490.0,1.19765,1.19783,1.19774
EUR_USD,1769537495.0,1.19759,1.19777,1.19768
EUR_USD,1769537500.0,1.19756,1.19774,1.19765
EUR_USD,1769537505.0,1.19757,1.19774,1.19766
EUR_USD,1769537510.0,1.19747,1.19764,1.19755
EUR_USD,1769537515.0,1.19760,1.19775,1.19768
EUR_USD,1769537520.0,1.19751,1.19766,1.19759
EUR_USD,1769537525.0,1.19751,1.19768,1.19760
EUR_USD,1769537530.0,1.19760,1.19775,1.19768
EUR_USD,1769537535.0,1.19762,1.19776,1.19769
EUR_USD,1769537540.0,1.19762,1.19776,1.19769
EUR_USD,1769537545.0,1.19765,1.19780,1.19773
EUR_USD,1769537550.0,1.19766,1.19780,1.19773
EUR_USD,1769537555.0,1.19765,1.19779,1.19772
EUR_USD,1769537560.0,1.19764,1.19779,1.19772
EUR_USD,1769537565.0,1.19771,1.19785,1.19778
EUR_USD,1769537570.0,1.19772,1.19786,1.19779
EUR_USD,1769537575.0,1.19770,1.19786,1.19778
EUR_USD,1769537580.0,1.19771,1.19788,1.19780
EUR_USD,1769537585.0,1.19772,1.19787,1.19779
EUR_USD,1769537590.0,1.19772,1.19786,1.19779
EUR_USD,1769537595.0,1.19768,1.19784,1.19776
EUR_USD,1769537600.0,1.19760,1.19776,1.19768
EUR_USD,1769537605.0,1.19759,1.19777,1.19768
EUR_USD,1769537610.0,1.19744,1.19760,1.19752
EUR_USD,1769537615.0,1.19740,1.19756,1.19748
EUR_USD,1769537620.0,1.19739,1.19754,1.19747
EUR_USD,1769537625.0,1.19734,1.19750,1.19742
EUR_USD,1769537630.0,1.19733,1.19749,1.19741
EUR_USD,1769537635.0,1.19735,1.19751,1.19743
EUR_USD,1769537640.0,1.19731,1.19748,1.19740
EUR_USD,1769537645.0,1.19733,1.19749,1.19741
EUR_USD,1769537650.0,1.19736,1.19751,1.19744
EUR_USD,1769537655.0,1.19731,1.19746,1.19739
EUR_USD,1769537660.0,1.19730,1.19746,1.19738
EUR_USD,1769537665.0,1.19731,1.19747,1.19739
EUR_USD,1769537670.0,1.19730,1.19746,1.19738
EUR_USD,1769537675.0,1.19731,1.19747,1.19739
EUR_USD,1769537680.0,1.19732,1.19747,1.19739
EUR_USD,1769537685.0,1.19733,1.19748,1.19741
EUR_USD,1769537690.0,1.19731,1.19745,1.19738
EUR_USD,1769537695.0,1.19732,1.19747,1.19739
EUR_USD,1769537700.0,1.19731,1.19747,1.19739
EUR_USD,1769537705.0,1.19729,1.19745,1.19737
EUR_USD,1769537710.0,1.19726,1.19741,1.19734
EUR_USD,1769537715.0,1.19730,1.19746,1.19738
EUR_USD,1769537720.0,1.19736,1.19751,1.19744
EUR_USD,1769537725.0,1.19740,1.19756,1.19748
EUR_USD,1769537730.0,1.19747,1.19764,1.19755
EUR_USD,1769537735.0,1.19745,1.19762,1.19753
EUR_USD,1769537740.0,1.19741,1.19756,1.19748
EUR_USD,1769537745.0,1.19740,1.19756,1.19748
EUR_USD,1769537750.0,1.19740,1.19757,1.19748
EUR_USD,1769537755.0,1.19740,1.19755,1.19747
EUR_USD,1769537760.0,1.19735,1.19750,1.19742
EUR_USD,1769537765.0,1.19737,1.19752,1.19745
EUR_USD,1769537770.0,1.19744,1.19759,1.19752
EUR_USD,1769537775.0,1.19740,1.19756,1.19748
EUR_USD,1769537780.0,1.19744,1.19760,1.19752
EUR_USD,1769537785.0,1.19743,1.19759,1.19751
EUR_USD,1769537790.0,1.19744,1.19761,1.19753
EUR_USD,1769537795.0,1.19739,1.19756,1.19747
EUR_USD,1769537800.0,1.19748,1.19764,1.19756
EUR_USD,1769537805.0,1.19753,1.19769,1.19761
EUR_USD,1769537810.0,1.19755,1.19772,1.19764
EUR_USD,1769537815.0,1.19754,1.19771,1.19762
EUR_USD,1769537820.0,1.19747,1.19763,1.19755
EUR_USD,1769537825.0,1.19744,1.19761,1.19753
EUR_USD,1769537830.0,1.19740,1.19755,1.19747
EUR_USD,1769537835.0,1.19740,1.19756,1.19748
EUR_USD,1769537840.0,1.19740,1.19756,1.19748
EUR_USD,1769537845.0,1.19740,1.19756,1.19748
EUR_USD,1769537850.0,1.19741,1.19756,1.19748
EUR_USD,1769537855.0,1.19744,1.19760,1.19752
EUR_USD,1769537860.0,1.19733,1.19750,1.19741
EUR_USD,1769537865.0,1.19733,1.19749,1.19741
EUR_USD,1769537870.0,1.19731,1.19746,1.19739
EUR_USD,1769537875.0,1.19729,1.19745,1.19737
EUR_USD,1769537880.0,1.19730,1.19745,1.19738
EUR_USD,1769537885.0,1.19730,1.19746,1.19738
EUR_USD,1769537890.0,1.19731,1.19746,1.19739
EUR_USD,1769537895.0,1.19728,1.19745,1.19737
EUR_USD,1769537900.0,1.19736,1.19753,1.19745
EUR_USD,1769537905.0,1.19730,1.19747,1.19739
EUR_USD,1769537910.0,1.19738,1.19753,1.19746
EUR_USD,1769537915.0,1.19733,1.19748,1.19741
EUR_USD,1769537920.0,1.19731,1.19747,1.19739
EUR_USD,1769537925.0,1.19734,1.19749,1.19741
EUR_USD,1769537930.0,1.19730,1.19747,1.19739
EUR_USD,1769537935.0,1.19729,1.19745,1.19737
EUR_USD,1769537940.0,1.19724,1.19740,1.19732
EUR_USD,1769537945.0,1.19724,1.19740,1.19732
EUR_USD,1769537950.0,1.19723,1.19740,1.19732
EUR_USD,1769537955.0,1.19726,1.19741,1.19734
EUR_USD,1769537960.0,1.19725,1.19740,1.19732
EUR_USD,1769537965.0,1.19726,1.19741,1.19734
EUR_USD,1769537970.0,1.19723,1.19738,1.19731
EUR_USD,1769537975.0,1.19726,1.19742,1.19734
EUR_USD,1769537980.0,1.19725,1.19740,1.19732
EUR_USD,1769537985.0,1.19725,1.19740,1.19732
EUR_USD,1769537990.0,1.19726,1.19742,1.19734
EUR_USD,1769537995.0,1.19713,1.19729,1.19721
EUR_USD,1769538000.0,1.19714,1.19730,1.19722
EUR_USD,1769538005.0,1.19714,1.19730,1.19722
EUR_USD,1769538010.0,1.19715,1.19730,1.19722
EUR_USD,1769538015.0,1.19716,1.19732,1.19724
EUR_USD,1769538020.0,1.19721,1.19737,1.19729
EUR_USD,1769538025.0,1.19726,1.19742,1.19734
EUR_USD,1769538030.0,1.19727,1.19744,1.19735
EUR_USD,1769538035.0,1.19738,1.19755,1.19747
EUR_USD,1769538040.0,1.19732,1.19748,1.19740
EUR_USD,1769538045.0,1.19732,1.19748,1.19740
EUR_USD,1769538050.0,1.19732,1.19749,1.19740
EUR_USD,1769538055.0,1.19727,1.19744,1.19735
EUR_USD,1769538060.0,1.19729,1.19745,1.19737
EUR_USD,1769538065.0,1.19721,1.19738,1.19729
EUR_USD,1769538070.0,1.19721,1.19737,1.19729
EUR_USD,1769538075.0,1.19726,1.19741,1.19734
EUR_USD,1769538080.0,1.19725,1.19742,1.19733
EUR_USD,1769538085.0,1.19724,1.19740,1.19732
EUR_USD,1769538090.0,1.19711,1.19727,1.19719
EUR_USD,1769538095.0,1.19709,1.19726,1.19718
EUR_USD,1769538100.0,1.19712,1.19728,1.19720
EUR_USD,1769538105.0,1.19716,1.19731,1.19724
EUR_USD,1769538110.0,1.19716,1.19731,1.19724
EUR_USD,1769538115.0,1.19723,1.19740,1.19732
EUR_USD,1769538120.0,1.19718,1.19735,1.19726
EUR_USD,1769538125.0,1.19720,1.19736,1.19728
EUR_USD,1769538130.0,1.19730,1.19747,1.19739
EUR_USD,1769538135.0,1.19734,1.19750,1.19742
EUR_USD,1769538140.0,1.19731,1.19748,1.19740
EUR_USD,1769538145.0,1.19734,1.19751,1.19742
EUR_USD,1769538150.0,1.19732,1.19749,1.19740
EUR_USD,1769538155.0,1.19733,1.19750,1.19741
EUR_USD,1769538160.0,1.19735,1.19751,1.19743
EUR_USD,1769538165.0,1.19737,1.19753,1.19745
EUR_USD,1769538170.0,1.19743,1.19759,1.19751
EUR_USD,1769538175.0,1.19741,1.19757,1.19749
EUR_USD,1769538180.0,1.19743,1.19758,1.19751
EUR_USD,1769538185.0,1.19744,1.19758,1.19751
EUR_USD,1769538190.0,1.19742,1.19756,1.19749
EUR_USD,1769538195.0,1.19742,1.19757,1.19749
EUR_USD,1769538200.0,1.19752,1.19768,1.19760
EUR_USD,1769538205.0,1.19759,1.19777,1.19768
EUR_USD,1769538210.0,1.19760,1.19777,1.19768
EUR_USD,1769538215.0,1.19760,1.19778,1.19769
EUR_USD,1769538220.0,1.19758,1.19775,1.19767
EUR_USD,1769538225.0,1.19758,1.19775,1.19767
EUR_USD,1769538230.0,1.19763,1.19780,1.19772
EUR_USD,1769538235.0,1.19765,1.19783,1.19774
EUR_USD,1769538240.0,1.19773,1.19790,1.19781
EUR_USD,1769538245.0,1.19778,1.19794,1.19786
EUR_USD,1769538250.0,1.19780,1.19798,1.19789
EUR_USD,1769538255.0,1.19773,1.19791,1.19782
EUR_USD,1769538260.0,1.19775,1.19791,1.19783
EUR_USD,1769538265.0,1.19779,1.19795,1.19787
EUR_USD,1769538270.0,1.19780,1.19797,1.19788
EUR_USD,1769538275.0,1.19778,1.19795,1.19787
EUR_USD,1769538280.0,1.19778,1.19792,1.19785
EUR_USD,1769538285.0,1.19773,1.19790,1.19781
EUR_USD,1769538290.0,1.19765,1.19782,1.19774
EUR_USD,1769538295.0,1.19768,1.19784,1.19776
EUR_USD,1769538300.0,1.19769,1.19786,1.19778
EUR_USD,1769538305.0,1.19769,1.19786,1.19778
EUR_USD,1769538310.0,1.19761,1.19778,1.19769
EUR_USD,1769538315.0,1.19759,1.19775,1.19767
EUR_USD,1769538320.0,1.19763,1.19780,1.19772
EUR_USD,1769538325.0,1.19760,1.19777,1.19768
EUR_USD,1769538330.0,1.19768,1.19785,1.19776
EUR_USD,1769538335.0,1.19762,1.19778,1.19770
EUR_USD,1769538340.0,1.19765,1.19782,1.19774
EUR_USD,1769538345.0,1.19763,1.19780,1.19772
EUR_USD,1769538350.0,1.19760,1.19777,1.19768
EUR_USD,1769538355.0,1.19764,1.19781,1.19773
EUR_USD,1769538360.0,1.19764,1.19781,1.19773
EUR_USD,1769538365.0,1.19764,1.19780,1.19772
EUR_USD,1769538370.0,1.19768,1.19786,1.19777
EUR_USD,1769538375.0,1.19769,1.19785,1.19777
EUR_USD,1769538380.0,1.19769,1.19785,1.19777
EUR_USD,1769538385.0,1.19769,1.19784,1.19776
EUR_USD,1769538390.0,1.19765,1.19780,1.19773
EUR_USD,1769538395.0,1.19765,1.19780,1.19773
EUR_USD,1769538400.0,1.19761,1.19777,1.19769
EUR_USD,1769538405.0,1.19760,1.19776,1.19768
EUR_USD,1769538410.0,1.19753,1.19770,1.19761
EUR_USD,1769538415.0,1.19749,1.19766,1.19758
EUR_USD,1769538420.0,1.19749,1.19765,1.19757
EUR_USD,1769538425.0,1.19744,1.19760,1.19752
EUR_USD,1769538430.0,1.19743,1.19761,1.19752
EUR_USD,1769538435.0,1.19743,1.19760,1.19752
EUR_USD,1769538440.0,1.19744,1.19761,1.19753
EUR_USD,1769538445.0,1.19743,1.19760,1.19752
EUR_USD,1769538450.0,1.19739,1.19757,1.19748
EUR_USD,1769538455.0,1.19738,1.19756,1.19747
EUR_USD,1769538460.0,1.19739,1.19756,1.19747
EUR_USD,1769538465.0,1.19740,1.19756,1.19748
EUR_USD,1769538470.0,1.19739,1.19756,1.19747
EUR_USD,1769538475.0,1.19743,1.19760,1.19752
EUR_USD,1769538480.0,1.19743,1.19760,1.19752
EUR_USD,1769538485.0,1.19738,1.19755,1.19747
EUR_USD,1769538490.0,1.19738,1.19755,1.19747
EUR_USD,1769538495.0,1.19738,1.19755,1.19747
EUR_USD,1769538500.0,1.19738,1.19755,1.19747
EUR_USD,1769538505.0,1.19738,1.19756,1.19747
EUR_USD,1769538510.0,1.19738,1.19755,1.19747
EUR_USD,1769538515.0,1.19738,1.19756,1.19747
EUR_USD,1769538520.0,1.19744,1.19761,1.19753
EUR_USD,1769538525.0,1.19745,1.19762,1.19753
EUR_USD,1769538530.0,1.19738,1.19757,1.19748
EUR_USD,1769538535.0,1.19737,1.19753,1.19745
EUR_USD,1769538540.0,1.19739,1.19755,1.19747
EUR_USD,1769538545.0,1.19740,1.19755,1.19747
EUR_USD,1769538550.0,1.19743,1.19760,1.19752
EUR_USD,1769538555.0,1.19743,1.19760,1.19752
EUR_USD,1769538560.0,1.19743,1.19760,1.19752
EUR_USD,1769538565.0,1.19739,1.19756,1.19747
EUR_USD,1769538570.0,1.19744,1.19759,1.19752
EUR_USD,1769538575.0,1.19744,1.19761,1.19753
EUR_USD,1769538580.0,1.19744,1.19761,1.19753
EUR_USD,1769538585.0,1.19748,1.19764,1.19756
EUR_USD,1769538590.0,1.19753,1.19769,1.19761
EUR_USD,1769538595.0,1.19750,1.19766,1.19758
EUR_USD,1769538600.0,1.19758,1.19774,1.19766
EUR_USD,1769538605.0,1.19756,1.19773,1.19765
EUR_USD,1769538610.0,1.19757,1.19773,1.19765
EUR_USD,1769538615.0,1.19755,1.19772,1.19764
EUR_USD,1769538620.0,1.19756,1.19772,1.19764
EUR_USD,1769538625.0,1.19754,1.19771,1.19762
EUR_USD,1769538630.0,1.19771,1.19789,1.19780
EUR_USD,1769538635.0,1.19770,1.19786,1.19778
EUR_USD,1769538640.0,1.19780,1.19795,1.19788
EUR_USD,1769538645.0,1.19781,1.19795,1.19788
EUR_USD,1769538650.0,1.19775,1.19791,1.19783
EUR_USD,1769538655.0,1.19774,1.19791,1.19782
EUR_USD,1769538660.0,1.19771,1.19788,1.19780
EUR_USD,1769538665.0,1.19773,1.19791,1.19782
EUR_USD,1769538670.0,1.19768,1.19784,1.19776
EUR_USD,1769538675.0,1.19767,1.19784,1.19775
EUR_USD,1769538680.0,1.19773,1.19790,1.19781
EUR_USD,1769538685.0,1.19774,1.19790,1.19782
EUR_USD,1769538690.0,1.19780,1.19795,1.19788
EUR_USD,1769538695.0,1.19775,1.19790,1.19782
EUR_USD,1769538700.0,1.19777,1.19793,1.19785
EUR_USD,1769538705.0,1.19789,1.19806,1.19798
EUR_USD,1769538710.0,1.19794,1.19811,1.19802
EUR_USD,1769538715.0,1.19796,1.19812,1.19804
EUR_USD,1769538720.0,1.19790,1.19806,1.19798
EUR_USD,1769538725.0,1.19784,1.19800,1.19792
EUR_USD,1769538730.0,1.19791,1.19807,1.19799
EUR_USD,1769538735.0,1.19793,1.19810,1.19801
EUR_USD,1769538740.0,1.19794,1.19808,1.19801
EUR_USD,1769538745.0,1.19787,1.19802,1.19795
EUR_USD,1769538750.0,1.19771,1.19786,1.19779
EUR_USD,1769538755.0,1.19773,1.19788,1.19781
EUR_USD,1769538760.0,1.19775,1.19790,1.19782
EUR_USD,1769538765.0,1.19777,1.19792,1.19785
EUR_USD,1769538770.0,1.19775,1.19792,1.19783
EUR_USD,1769538775.0,1.19775,1.19791,1.19783
EUR_USD,1769538780.0,1.19776,1.19792,1.19784
EUR_USD,1769538785.0,1.19773,1.19789,1.19781
EUR_USD,1769538790.0,1.19765,1.19781,1.19773
EUR_USD,1769538795.0,1.19760,1.19775,1.19768
EUR_USD,1769538800.0,1.19786,1.19804,1.19795
EUR_USD,1769538805.0,1.19781,1.19797,1.19789
EUR_USD,1769538810.0,1.19786,1.19803,1.19794
EUR_USD,1769538815.0,1.19793,1.19808,1.19800
EUR_USD,1769538820.0,1.19790,1.19806,1.19798
EUR_USD,1769538825.0,1.19784,1.19800,1.19792
EUR_USD,1769538830.0,1.19776,1.19793,1.19785
EUR_USD,1769538835.0,1.19776,1.19791,1.19783
EUR_USD,1769538840.0,1.19775,1.19791,1.19783
EUR_USD,1769538845.0,1.19777,1.19792,1.19785
EUR_USD,1769538850.0,1.19781,1.19797,1.19789
EUR_USD,1769538855.0,1.19778,1.19793,1.19786
EUR_USD,1769538860.0,1.19776,1.19792,1.19784
EUR_USD,1769538865.0,1.19780,1.19795,1.19788
EUR_USD,1769538870.0,1.19773,1.19788,1.19781
EUR_USD,1769538875.0,1.19771,1.19787,1.19779
EUR_USD,1769538880.0,1.19778,1.19794,1.19786
EUR_USD,1769538885.0,1.19769,1.19786,1.19778
EUR_USD,1769538890.0,1.19771,1.19788,1.19780
EUR_USD,1769538895.0,1.19777,1.19794,1.19786
EUR_USD,1769538900.0,1.19774,1.19792,1.19783
EUR_USD,1769538905.0,1.19781,1.19797,1.19789
EUR_USD,1769538910.0,1.19778,1.19795,1.19787
EUR_USD,1769538915.0,1.19778,1.19795,1.19787
EUR_USD,1769538920.0,1.19778,1.19795,1.19787
EUR_USD,1769538925.0,1.19773,1.19788,1.19781
EUR_USD,1769538930.0,1.19771,1.19787,1.19779
EUR_USD,1769538935.0,1.19758,1.19776,1.19767
EUR_USD,1769538940.0,1.19756,1.19771,1.19764
EUR_USD,1769538945.0,1.19756,1.19772,1.19764
EUR_USD,1769538950.0,1.19754,1.19771,1.19762
EUR_USD,1769538955.0,1.19759,1.19776,1.19767
EUR_USD,1769538960.0,1.19758,1.19776,1.19767
EUR_USD,1769538965.0,1.19758,1.19775,1.19767
EUR_USD,1769538970.0,1.19755,1.19772,1.19764
EUR_USD,1769538975.0,1.19755,1.19773,1.19764
EUR_USD,1769538980.0,1.19760,1.19776,1.19768
EUR_USD,1769538985.0,1.19765,1.19782,1.19774
EUR_USD,1769538990.0,1.19768,1.19785,1.19776
EUR_USD,1769538995.0,1.19761,1.19777,1.19769
EUR_USD,1769539000.0,1.19764,1.19780,1.19772
EUR_USD,1769539005.0,1.19763,1.19781,1.19772
EUR_USD,1769539010.0,1.19764,1.19780,1.19772
EUR_USD,1769539015.0,1.19767,1.19783,1.19775
EUR_USD,1769539020.0,1.19769,1.19785,1.19777
EUR_USD,1769539025.0,1.19768,1.19785,1.19776
EUR_USD,1769539030.0,1.19768,1.19786,1.19777
EUR_USD,1769539035.0,1.19769,1.19785,1.19777
EUR_USD,1769539040.0,1.19769,1.19785,1.19777
EUR_USD,1769539045.0,1.19779,1.19795,1.19787
EUR_USD,1769539050.0,1.19780,1.19796,1.19788
EUR_USD,1769539055.0,1.19779,1.19794,1.19786
EUR_USD,1769539060.0,1.19779,1.19794,1.19786
EUR_USD,1769539065.0,1.19780,1.19796,1.19788
EUR_USD,1769539070.0,1.19777,1.19794,1.19786
EUR_USD,1769539075.0,1.19790,1.19805,1.19798
EUR_USD,1769539080.0,1.19791,1.19806,1.19799
EUR_USD,1769539085.0,1.19785,1.19801,1.19793
EUR_USD,1769539090.0,1.19783,1.19800,1.19792
EUR_USD,1769539095.0,1.19784,1.19801,1.19793
EUR_USD,1769539100.0,1.19782,1.19799,1.19790
EUR_USD,1769539105.0,1.19780,1.19796,1.19788
EUR_USD,1769539110.0,1.19783,1.19799,1.19791
EUR_USD,1769539115.0,1.19780,1.19797,1.19788
EUR_USD,1769539120.0,1.19782,1.19798,1.19790
EUR_USD,1769539125.0,1.19780,1.19796,1.19788
EUR_USD,1769539130.0,1.19780,1.19796,1.19788
EUR_USD,1769539135.0,1.19780,1.19797,1.19788
EUR_USD,1769539140.0,1.19779,1.19796,1.19787
EUR_USD,1769539145.0,1.19783,1.19799,1.19791
EUR_USD,1769539150.0,1.19784,1.19801,1.19793
EUR_USD,1769539155.0,1.19782,1.19799,1.19790
EUR_USD,1769539160.0,1.19782,1.19798,1.19790
EUR_USD,1769539165.0,1.19781,1.19798,1.19789
EUR_USD,1769539170.0,1.19783,1.19801,1.19792
EUR_USD,1769539175.0,1.19783,1.19801,1.19792
EUR_USD,1769539180.0,1.19784,1.19801,1.19793
EUR_USD,1769539185.0,1.19781,1.19797,1.19789
EUR_USD,1769539190.0,1.19784,1.19802,1.19793
EUR_USD,1769539195.0,1.19781,1.19798,1.19789
EUR_USD,1769539200.0,1.19778,1.19796,1.19787
EUR_USD,1769539205.0,1.19778,1.19797,1.19788
EUR_USD,1769539210.0,1.19780,1.19797,1.19788
EUR_USD,1769539215.0,1.19781,1.19798,1.19789
EUR_USD,1769539220.0,1.19773,1.19791,1.19782
EUR_USD,1769539225.0,1.19775,1.19792,1.19783
EUR_USD,1769539230.0,1.19779,1.19796,1.19787
EUR_USD,1769539235.0,1.19780,1.19796,1.19788
EUR_USD,1769539240.0,1.19784,1.19800,1.19792
EUR_USD,1769539245.0,1.19783,1.19801,1.19792
EUR_USD,1769539250.0,1.19785,1.19801,1.19793
EUR_USD,1769539255.0,1.19785,1.19801,1.19793
EUR_USD,1769539260.0,1.19787,1.19803,1.19795
EUR_USD,1769539265.0,1.19786,1.19803,1.19794
EUR_USD,1769539270.0,1.19793,1.19811,1.19802
EUR_USD,1769539275.0,1.19794,1.19810,1.19802
EUR_USD,1769539280.0,1.19784,1.19800,1.19792
EUR_USD,1769539285.0,1.19784,1.19800,1.19792
EUR_USD,1769539290.0,1.19785,1.19801,1.19793
EUR_USD,1769539295.0,1.19785,1.19801,1.19793
EUR_USD,1769539300.0,1.19789,1.19806,1.19798
EUR_USD,1769539305.0,1.19786,1.19802,1.19794
EUR_USD,1769539310.0,1.19783,1.19800,1.19792
EUR_USD,1769539315.0,1.19784,1.19800,1.19792
EUR_USD,1769539320.0,1.19786,1.19802,1.19794
EUR_USD,1769539325.0,1.19784,1.19800,1.19792
EUR_USD,1769539330.0,1.19785,1.19801,1.19793
EUR_USD,1769539335.0,1.19784,1.19800,1.19792
EUR_USD,1769539340.0,1.19779,1.19796,1.19787
EUR_USD,1769539345.0,1.19783,1.19799,1.19791
EUR_USD,1769539350.0,1.19775,1.19793,1.19784
EUR_USD,1769539355.0,1.19778,1.19795,1.19787
EUR_USD,1769539360.0,1.19778,1.19795,1.19787
EUR_USD,1769539365.0,1.19778,1.19795,1.19787
EUR_USD,1769539370.0,1.19778,1.19795,1.19787
EUR_USD,1769539375.0,1.19777,1.19792,1.19785
EUR_USD,1769539380.0,1.19781,1.19797,1.19789
EUR_USD,1769539385.0,1.19790,1.19808,1.19799
EUR_USD,1769539390.0,1.19786,1.19803,1.19794
EUR_USD,1769539395.0,1.19788,1.19805,1.19796
EUR_USD,1769539400.0,1.19788,1.19805,1.19796
EUR_USD,1769539405.0,1.19786,1.19803,1.19794
EUR_USD,1769539410.0,1.19783,1.19801,1.19792
EUR_USD,1769539415.0,1.19786,1.19802,1.19794
EUR_USD,1769539420.0,1.19784,1.19801,1.19793
EUR_USD,1769539425.0,1.19783,1.19801,1.19792
EUR_USD,1769539430.0,1.19781,1.19797,1.19789
EUR_USD,1769539435.0,1.19784,1.19802,1.19793
EUR_USD,1769539440.0,1.19780,1.19797,1.19788
EUR_USD,1769539445.0,1.19773,1.19790,1.19781
EUR_USD,1769539450.0,1.19768,1.19786,1.19777
EUR_USD,1769539455.0,1.19761,1.19779,1.19770
EUR_USD,1769539460.0,1.19760,1.19777,1.19768
EUR_USD,1769539465.0,1.19763,1.19779,1.19771
EUR_USD,1769539470.0,1.19755,1.19770,1.19762
EUR_USD,1769539475.0,1.19756,1.19771,1.19764
EUR_USD,1769539480.0,1.19758,1.19773,1.19766
EUR_USD,1769539485.0,1.19759,1.19775,1.19767
EUR_USD,1769539490.0,1.19761,1.19778,1.19769
EUR_USD,1769539495.0,1.19759,1.19774,1.19766
EUR_USD,1769539500.0,1.19760,1.19775,1.19768
EUR_USD,1769539505.0,1.19762,1.19778,1.19770
EUR_USD,1769539510.0,1.19760,1.19776,1.19768
EUR_USD,1769539515.0,1.19762,1.19778,1.19770
EUR_USD,1769539520.0,1.19761,1.19777,1.19769
EUR_USD,1769539525.0,1.19758,1.19776,1.19767
EUR_USD,1769539530.0,1.19759,1.19775,1.19767
EUR_USD,1769539535.0,1.19760,1.19775,1.19768
EUR_USD,1769539540.0,1.19759,1.19775,1.19767
EUR_USD,1769539545.0,1.19762,1.19779,1.19771
EUR_USD,1769539550.0,1.19763,1.19779,1.19771
EUR_USD,1769539555.0,1.19759,1.19776,1.19767
EUR_USD,1769539560.0,1.19758,1.19774,1.19766
EUR_USD,1769539565.0,1.19759,1.19776,1.19767
EUR_USD,1769539570.0,1.19766,1.19783,1.19774
EUR_USD,1769539575.0,1.19767,1.19783,1.19775
EUR_USD,1769539580.0,1.19768,1.19785,1.19776
EUR_USD,1769539585.0,1.19768,1.19785,1.19776
EUR_USD,1769539590.0,1.19761,1.19777,1.19769
EUR_USD,1769539595.0,1.19763,1.19779,1.19771
EUR_USD,1769539600.0,1.19763,1.19780,1.19772
EUR_USD,1769539605.0,1.19768,1.19786,1.19777
EUR_USD,1769539610.0,1.19768,1.19786,1.19777
EUR_USD,1769539615.0,1.19768,1.19786,1.19777
EUR_USD,1769539620.0,1.19755,1.19771,1.19763
EUR_USD,1769539625.0,1.19754,1.19772,1.19763
EUR_USD,1769539630.0,1.19758,1.19774,1.19766
EUR_USD,1769539635.0,1.19762,1.19780,1.19771
EUR_USD,1769539640.0,1.19762,1.19779,1.19771
EUR_USD,1769539645.0,1.19758,1.19776,1.19767
EUR_USD,1769539650.0,1.19743,1.19762,1.19752
EUR_USD,1769539655.0,1.19749,1.19767,1.19758
EUR_USD,1769539660.0,1.19749,1.19766,1.19758
EUR_USD,1769539665.0,1.19750,1.19767,1.19759
EUR_USD,1769539670.0,1.19754,1.19770,1.19762
EUR_USD,1769539675.0,1.19751,1.19768,1.19760
EUR_USD,1769539680.0,1.19749,1.19765,1.19757
EUR_USD,1769539685.0,1.19747,1.19763,1.19755
EUR_USD,1769539690.0,1.19749,1.19766,1.19758
EUR_USD,1769539695.0,1.19754,1.19771,1.19762
EUR_USD,1769539700.0,1.19764,1.19780,1.19772
EUR_USD,1769539705.0,1.19765,1.19782,1.19774
EUR_USD,1769539710.0,1.19764,1.19781,1.19773
EUR_USD,1769539715.0,1.19765,1.19782,1.19774
EUR_USD,1769539720.0,1.19764,1.19780,1.19772
EUR_USD,1769539725.0,1.19764,1.19779,1.19772
EUR_USD,1769539730.0,1.19761,1.19777,1.19769
EUR_USD,1769539735.0,1.19760,1.19775,1.19768
EUR_USD,1769539740.0,1.19759,1.19775,1.19767
EUR_USD,1769539745.0,1.19768,1.19785,1.19776
EUR_USD,1769539750.0,1.19770,1.19786,1.19778
EUR_USD,1769539755.0,1.19771,1.19786,1.19779
EUR_USD,1769539760.0,1.19768,1.19784,1.19776
EUR_USD,1769539765.0,1.19770,1.19787,1.19779
EUR_USD,1769539770.0,1.19770,1.19786,1.19778
EUR_USD,1769539775.0,1.19774,1.19789,1.19781
EUR_USD,1769539780.0,1.19792,1.19809,1.19801
EUR_USD,1769539785.0,1.19787,1.19804,1.19795
EUR_USD,1769539790.0,1.19790,1.19807,1.19799
EUR_USD,1769539795.0,1.19791,1.19808,1.19800
EUR_USD,1769539800.0,1.19791,1.19808,1.19800
EUR_USD,1769539805.0,1.19794,1.19811,1.19802
EUR_USD,1769539810.0,1.19809,1.19825,1.19817
EUR_USD,1769539815.0,1.19812,1.19826,1.19819
EUR_USD,1769539820.0,1.19810,1.19825,1.19817
EUR_USD,1769539825.0,1.19806,1.19821,1.19813
EUR_USD,1769539830.0,1.19804,1.19821,1.19813
EUR_USD,1769539835.0,1.19795,1.19811,1.19803
EUR_USD,1769539840.0,1.19794,1.19811,1.19802
EUR_USD,1769539845.0,1.19793,1.19809,1.19801
EUR_USD,1769539850.0,1.19798,1.19815,1.19807
EUR_USD,1769539855.0,1.19801,1.19817,1.19809
EUR_USD,1769539860.0,1.19799,1.19816,1.19808
EUR_USD,1769539865.0,1.19798,1.19815,1.19807
EUR_USD,1769539870.0,1.19798,1.19815,1.19807
EUR_USD,1769539875.0,1.19799,1.19815,1.19807
EUR_USD,1769539880.0,1.19800,1.19817,1.19808
EUR_USD,1769539885.0,1.19799,1.19816,1.19808
EUR_USD,1769539890.0,1.19802,1.19818,1.19810
EUR_USD,1769539895.0,1.19804,1.19820,1.19812
EUR_USD,1769539900.0,1.19803,1.19819,1.19811
EUR_USD,1769539905.0,1.19804,1.19821,1.19813
EUR_USD,1769539910.0,1.19804,1.19820,1.19812
EUR_USD,1769539915.0,1.19807,1.19821,1.19814
EUR_USD,1769539920.0,1.19804,1.19819,1.19812
EUR_USD,1769539925.0,1.19814,1.19829,1.19822
EUR_USD,1769539930.0,1.19816,1.19832,1.19824
EUR_USD,1769539935.0,1.19815,1.19830,1.19822
EUR_USD,1769539940.0,1.19826,1.19841,1.19834
EUR_USD,1769539945.0,1.19826,1.19841,1.19834
EUR_USD,1769539950.0,1.19826,1.19841,1.19834
EUR_USD,1769539955.0,1.19842,1.19858,1.19850
EUR_USD,1769539960.0,1.19840,1.19857,1.19848
EUR_USD,1769539965.0,1.19841,1.19857,1.19849
EUR_USD,1769539970.0,1.19843,1.19860,1.19851
EUR_USD,1769539975.0,1.19843,1.19860,1.19851
EUR_USD,1769539980.0,1.19843,1.19860,1.19851
EUR_USD,1769539985.0,1.19849,1.19865,1.19857
EUR_USD,1769539990.0,1.19840,1.19856,1.19848
EUR_USD,1769539995.0,1.19840,1.19857,1.19848
EUR_USD,1769540000.0,1.19839,1.19856,1.19848
EUR_USD,1769540005.0,1.19835,1.19851,1.19843
EUR_USD,1769540010.0,1.19833,1.19851,1.19842
EUR_USD,1769540015.0,1.19833,1.19850,1.19841
EUR_USD,1769540020.0,1.19829,1.19846,1.19837
EUR_USD,1769540025.0,1.19838,1.19855,1.19847
EUR_USD,1769540030.0,1.19835,1.19851,1.19843
EUR_USD,1769540035.0,1.19833,1.19850,1.19841
EUR_USD,1769540040.0,1.19831,1.19848,1.19840
EUR_USD,1769540045.0,1.19830,1.19846,1.19838
EUR_USD,1769540050.0,1.19832,1.19849,1.19841
EUR_USD,1769540055.0,1.19834,1.19850,1.19842
EUR_USD,1769540060.0,1.19832,1.19847,1.19840
EUR_USD,1769540065.0,1.19831,1.19847,1.19839
EUR_USD,1769540070.0,1.19829,1.19846,1.19837
EUR_USD,1769540075.0,1.19832,1.19847,1.19840
EUR_USD,1769540080.0,1.19832,1.19847,1.19840
EUR_USD,1769540085.0,1.19828,1.19845,1.19836
EUR_USD,1769540090.0,1.19838,1.19854,1.19846
EUR_USD,1769540095.0,1.19831,1.19846,1.19839
EUR_USD,1769540100.0,1.19834,1.19850,1.19842
EUR_USD,1769540105.0,1.19832,1.19848,1.19840
EUR_USD,1769540110.0,1.19832,1.19849,1.19841
EUR_USD,1769540115.0,1.19830,1.19845,1.19837
EUR_USD,1769540120.0,1.19830,1.19846,1.19838
EUR_USD,1769540125.0,1.19823,1.19840,1.19832
EUR_USD,1769540130.0,1.19821,1.19839,1.19830
EUR_USD,1769540135.0,1.19821,1.19838,1.19829
EUR_USD,1769540140.0,1.19822,1.19838,1.19830
EUR_USD,1769540145.0,1.19809,1.19825,1.19817
EUR_USD,1769540150.0,1.19810,1.19825,1.19817
EUR_USD,1769540155.0,1.19809,1.19825,1.19817
EUR_USD,1769540160.0,1.19809,1.19825,1.19817
EUR_USD,1769540165.0,1.19809,1.19826,1.19817
EUR_USD,1769540170.0,1.19820,1.19837,1.19828
EUR_USD,1769540175.0,1.19819,1.19835,1.19827
EUR_USD,1769540180.0,1.19819,1.19835,1.19827
EUR_USD,1769540185.0,1.19818,1.19835,1.19827
EUR_USD,1769540190.0,1.19814,1.19831,1.19822
EUR_USD,1769540195.0,1.19809,1.19825,1.19817
EUR_USD,1769540200.0,1.19809,1.19825,1.19817
EUR_USD,1769540205.0,1.19809,1.19825,1.19817
EUR_USD,1769540210.0,1.19809,1.19825,1.19817
EUR_USD,1769540215.0,1.19816,1.19831,1.19823
EUR_USD,1769540220.0,1.19810,1.19826,1.19818
EUR_USD,1769540225.0,1.19810,1.19826,1.19818
EUR_USD,1769540230.0,1.19810,1.19826,1.19818
EUR_USD,1769540235.0,1.19809,1.19825,1.19817
EUR_USD,1769540240.0,1.19809,1.19825,1.19817
EUR_USD,1769540245.0,1.19809,1.19825,1.19817
EUR_USD,1769540250.0,1.19798,1.19816,1.19807
EUR_USD,1769540255.0,1.19801,1.19818,1.19809
EUR_USD,1769540260.0,1.19801,1.19816,1.19808
EUR_USD,1769540265.0,1.19801,1.19818,1.19809
EUR_USD,1769540270.0,1.19800,1.19816,1.19808
EUR_USD,1769540275.0,1.19801,1.19816,1.19808
EUR_USD,1769540280.0,1.19801,1.19816,1.19808
EUR_USD,1769540285.0,1.19799,1.19816,1.19808
EUR_USD,1769540290.0,1.19791,1.19808,1.19800
EUR_USD,1769540295.0,1.19792,1.19807,1.19800
EUR_USD,1769540300.0,1.19803,1.19819,1.19811
EUR_USD,1769540305.0,1.19802,1.19818,1.19810
EUR_USD,1769540310.0,1.19802,1.19818,1.19810
EUR_USD,1769540315.0,1.19800,1.19816,1.19808
EUR_USD,1769540320.0,1.19800,1.19816,1.19808
EUR_USD,1769540325.0,1.19803,1.19818,1.19810
EUR_USD,1769540330.0,1.19797,1.19813,1.19805
EUR_USD,1769540335.0,1.19785,1.19799,1.19792
EUR_USD,1769540340.0,1.19785,1.19800,1.19793
EUR_USD,1769540345.0,1.19780,1.19794,1.19787
EUR_USD,1769540350.0,1.19782,1.19797,1.19789
EUR_USD,1769540355.0,1.19774,1.19790,1.19782
EUR_USD,1769540360.0,1.19774,1.19790,1.19782
EUR_USD,1769540365.0,1.19778,1.19793,1.19786
EUR_USD,1769540370.0,1.19780,1.19795,1.19788
EUR_USD,1769540375.0,1.19784,1.19800,1.19792
EUR_USD,1769540380.0,1.19782,1.19798,1.19790
EUR_USD,1769540385.0,1.19783,1.19800,1.19792
EUR_USD,1769540390.0,1.19781,1.19796,1.19788
EUR_USD,1769540395.0,1.19769,1.19786,1.19778
EUR_USD,1769540400.0,1.19765,1.19780,1.19773
EUR_USD,1769540405.0,1.19765,1.19781,1.19773
EUR_USD,1769540410.0,1.19764,1.19780,1.19772
EUR_USD,1769540415.0,1.19770,1.19786,1.19778
EUR_USD,1769540420.0,1.19770,1.19786,1.19778
EUR_USD,1769540425.0,1.19765,1.19782,1.19774
EUR_USD,1769540430.0,1.19759,1.19776,1.19767
EUR_USD,1769540435.0,1.19759,1.19774,1.19766
EUR_USD,1769540440.0,1.19759,1.19774,1.19766
EUR_USD,1769540445.0,1.19760,1.19775,1.19768
EUR_USD,1769540450.0,1.19758,1.19775,1.19767
EUR_USD,1769540455.0,1.19760,1.19776,1.19768
EUR_USD,1769540460.0,1.19759,1.19775,1.19767
EUR_USD,1769540465.0,1.19755,1.19772,1.19764
EUR_USD,1769540470.0,1.19756,1.19772,1.19764
EUR_USD,1769540475.0,1.19754,1.19771,1.19762
EUR_USD,1769540480.0,1.19754,1.19771,1.19762
EUR_USD,1769540485.0,1.19754,1.19771,1.19762
EUR_USD,1769540490.0,1.19754,1.19771,1.19762
EUR_USD,1769540495.0,1.19754,1.19771,1.19762
EUR_USD,1769540500.0,1.19758,1.19775,1.19767
EUR_USD,1769540505.0,1.19757,1.19773,1.19765
EUR_USD,1769540510.0,1.19756,1.19771,1.19764
EUR_USD,1769540515.0,1.19756,1.19771,1.19764
EUR_USD,1769540520.0,1.19761,1.19776,1.19768
EUR_USD,1769540525.0,1.19768,1.19785,1.19776
EUR_USD,1769540530.0,1.19770,1.19785,1.19778
EUR_USD,1769540535.0,1.19771,1.19786,1.19779
EUR_USD,1769540540.0,1.19770,1.19785,1.19778
EUR_USD,1769540545.0,1.19769,1.19785,1.19777
EUR_USD,1769540550.0,1.19762,1.19778,1.19770
EUR_USD,1769540555.0,1.19759,1.19775,1.19767
EUR_USD,1769540560.0,1.19760,1.19777,1.19768
EUR_USD,1769540565.0,1.19752,1.19767,1.19759
EUR_USD,1769540570.0,1.19753,1.19768,1.19761
EUR_USD,1769540575.0,1.19754,1.19770,1.19762
EUR_USD,1769540580.0,1.19752,1.19768,1.19760
EUR_USD,1769540585.0,1.19752,1.19768,1.19760
EUR_USD,1769540590.0,1.19753,1.19769,1.19761
EUR_USD,1769540595.0,1.19757,1.19773,1.19765
EUR_USD,1769540600.0,1.19757,1.19773,1.19765
EUR_USD,1769540605.0,1.19755,1.19771,1.19763
EUR_USD,1769540610.0,1.19756,1.19772,1.19764
EUR_USD,1769540615.0,1.19756,1.19772,1.19764
EUR_USD,1769540620.0,1.19754,1.19770,1.19762
EUR_USD,1769540625.0,1.19749,1.19765,1.19757
EUR_USD,1769540630.0,1.19745,1.19761,1.19753
EUR_USD,1769540635.0,1.19740,1.19756,1.19748
EUR_USD,1769540640.0,1.19734,1.19751,1.19742
EUR_USD,1769540645.0,1.19736,1.19754,1.19745
EUR_USD,1769540650.0,1.19745,1.19762,1.19753
EUR_USD,1769540655.0,1.19755,1.19771,1.19763
EUR_USD,1769540660.0,1.19763,1.19781,1.19772
EUR_USD,1769540665.0,1.19767,1.19785,1.19776
EUR_USD,1769540670.0,1.19765,1.19781,1.19773
EUR_USD,1769540675.0,1.19775,1.19792,1.19783
EUR_USD,1769540680.0,1.19775,1.19792,1.19783
EUR_USD,1769540685.0,1.19782,1.19797,1.19789
EUR_USD,1769540690.0,1.19784,1.19801,1.19793
EUR_USD,1769540695.0,1.19786,1.19802,1.19794
EUR_USD,1769540700.0,1.19786,1.19802,1.19794
EUR_USD,1769540705.0,1.19785,1.19802,1.19794
EUR_USD,1769540710.0,1.19785,1.19801,1.19793
EUR_USD,1769540715.0,1.19780,1.19797,1.19788
EUR_USD,1769540720.0,1.19780,1.19797,1.19788
EUR_USD,1769540725.0,1.19780,1.19796,1.19788
EUR_USD,1769540730.0,1.19784,1.19801,1.19793
EUR_USD,1769540735.0,1.19785,1.19801,1.19793
EUR_USD,1769540740.0,1.19785,1.19802,1.19794
EUR_USD,1769540745.0,1.19785,1.19802,1.19794
EUR_USD,1769540750.0,1.19784,1.19801,1.19793
EUR_USD,1769540755.0,1.19785,1.19801,1.19793
EUR_USD,1769540760.0,1.19785,1.19801,1.19793
EUR_USD,1769540765.0,1.19785,1.19802,1.19794
EUR_USD,1769540770.0,1.19793,1.19808,1.19800
EUR_USD,1769540775.0,1.19792,1.19808,1.19800
EUR_USD,1769540780.0,1.19794,1.19810,1.19802
EUR_USD,1769540785.0,1.19794,1.19810,1.19802
EUR_USD,1769540790.0,1.19794,1.19810,1.19802
EUR_USD,1769540795.0,1.19798,1.19814,1.19806
EUR_USD,1769540800.0,1.19797,1.19813,1.19805
EUR_USD,1769540805.0,1.19796,1.19811,1.19803
EUR_USD,1769540810.0,1.19793,1.19808,1.19800
EUR_USD,1769540815.0,1.19791,1.19807,1.19799
EUR_USD,1769540820.0,1.19794,1.19811,1.19802
EUR_USD,1769540825.0,1.19793,1.19808,1.19800
EUR_USD,1769540830.0,1.19782,1.19798,1.19790
EUR_USD,1769540835.0,1.19782,1.19798,1.19790
EUR_USD,1769540840.0,1.19785,1.19801,1.19793
EUR_USD,1769540845.0,1.19784,1.19800,1.19792
EUR_USD,1769540850.0,1.19782,1.19797,1.19789
EUR_USD,1769540855.0,1.19765,1.19781,1.19773
EUR_USD,1769540860.0,1.19770,1.19786,1.19778
EUR_USD,1769540865.0,1.19774,1.19790,1.19782
EUR_USD,1769540870.0,1.19784,1.19799,1.19792
EUR_USD,1769540875.0,1.19778,1.19795,1.19787
EUR_USD,1769540880.0,1.19777,1.19792,1.19785
EUR_USD,1769540885.0,1.19777,1.19792,1.19785
EUR_USD,1769540890.0,1.19778,1.19794,1.19786
EUR_USD,1769540895.0,1.19785,1.19800,1.19793
EUR_USD,1769540900.0,1.19785,1.19800,1.19793
EUR_USD,1769540905.0,1.19784,1.19800,1.19792
EUR_USD,1769540910.0,1.19790,1.19806,1.19798
EUR_USD,1769540915.0,1.19790,1.19805,1.19798
EUR_USD,1769540920.0,1.19795,1.19809,1.19802
EUR_USD,1769540925.0,1.19793,1.19810,1.19801
EUR_USD,1769540930.0,1.19793,1.19809,1.19801
EUR_USD,1769540935.0,1.19794,1.19809,1.19802
EUR_USD,1769540940.0,1.19794,1.19809,1.19802
EUR_USD,1769540945.0,1.19794,1.19810,1.19802
EUR_USD,1769540950.0,1.19792,1.19808,1.19800
EUR_USD,1769540955.0,1.19790,1.19806,1.19798
EUR_USD,1769540960.0,1.19790,1.19806,1.19798
EUR_USD,1769540965.0,1.19792,1.19808,1.19800
EUR_USD,1769540970.0,1.19793,1.19808,1.19800
EUR_USD,1769540975.0,1.19793,1.19809,1.19801
EUR_USD,1769540980.0,1.19794,1.19810,1.19802
EUR_USD,1769540985.0,1.19794,1.19810,1.19802
EUR_USD,1769540990.0,1.19793,1.19808,1.19800
EUR_USD,1769540995.0,1.19797,1.19814,1.19806
EUR_USD,1769541000.0,1.19799,1.19814,1.19807
EUR_USD,1769541005.0,1.19796,1.19813,1.19805
EUR_USD,1769541010.0,1.19798,1.19815,1.19807
EUR_USD,1769541015.0,1.19798,1.19815,1.19807
EUR_USD,1769541020.0,1.19788,1.19805,1.19796
EUR_USD,1769541025.0,1.19783,1.19800,1.19792
EUR_USD,1769541030.0,1.19783,1.19800,1.19792
EUR_USD,1769541035.0,1.19783,1.19800,1.19792
EUR_USD,1769541040.0,1.19784,1.19801,1.19793
EUR_USD,1769541045.0,1.19782,1.19799,1.19790
EUR_USD,1769541050.0,1.19780,1.19796,1.19788
EUR_USD,1769541055.0,1.19780,1.19797,1.19788
EUR_USD,1769541060.0,1.19781,1.19797,1.19789
EUR_USD,1769541065.0,1.19782,1.19799,1.19790
EUR_USD,1769541070.0,1.19778,1.19793,1.19786
EUR_USD,1769541075.0,1.19778,1.19795,1.19787
EUR_USD,1769541080.0,1.19779,1.19795,1.19787
EUR_USD,1769541085.0,1.19782,1.19799,1.19790
EUR_USD,1769541090.0,1.19781,1.19797,1.19789
EUR_USD,1769541095.0,1.19784,1.19801,1.19793
EUR_USD,1769541100.0,1.19784,1.19801,1.19793
EUR_USD,1769541105.0,1.19784,1.19800,1.19792
EUR_USD,1769541110.0,1.19784,1.19800,1.19792
EUR_USD,1769541115.0,1.19784,1.19801,1.19793
EUR_USD,1769541120.0,1.19784,1.19801,1.19793
EUR_USD,1769541125.0,1.19785,1.19801,1.19793
EUR_USD,1769541130.0,1.19794,1.19809,1.19802
EUR_USD,1769541135.0,1.19794,1.19811,1.19802
EUR_USD,1769541140.0,1.19795,1.19812,1.19803
EUR_USD,1769541145.0,1.19799,1.19815,1.19807
EUR_USD,1769541150.0,1.19794,1.19811,1.19802
EUR_USD,1769541155.0,1.19789,1.19806,1.19798
EUR_USD,1769541160.0,1.19795,1.19811,1.19803
EUR_USD,1769541165.0,1.19788,1.19804,1.19796
EUR_USD,1769541170.0,1.19792,1.19807,1.19800
EUR_USD,1769541175.0,1.19792,1.19807,1.19800
EUR_USD,1769541180.0,1.19799,1.19815,1.19807
EUR_USD,1769541185.0,1.19795,1.19810,1.19802
EUR_USD,1769541190.0,1.19793,1.19810,1.19801
EUR_USD,1769541195.0,1.19787,1.19803,1.19795
EUR_USD,1769541200.0,1.19785,1.19801,1.19793
EUR_USD,1769541205.0,1.19786,1.19801,1.19793
EUR_USD,1769541210.0,1.19795,1.19811,1.19803
EUR_USD,1769541215.0,1.19791,1.19807,1.19799
EUR_USD,1769541220.0,1.19789,1.19805,1.19797
EUR_USD,1769541225.0,1.19789,1.19805,1.19797
EUR_USD,1769541230.0,1.19790,1.19807,1.19799
EUR_USD,1769541235.0,1.19784,1.19801,1.19793
EUR_USD,1769541240.0,1.19780,1.19796,1.19788
EUR_USD,1769541245.0,1.19779,1.19796,1.19787
EUR_USD,1769541250.0,1.19779,1.19796,1.19787
EUR_USD,1769541255.0,1.19779,1.19796,1.19787
EUR_USD,1769541260.0,1.19774,1.19789,1.19781
EUR_USD,1769541265.0,1.19770,1.19786,1.19778
EUR_USD,1769541270.0,1.19774,1.19789,1.19781
EUR_USD,1769541275.0,1.19775,1.19790,1.19782
EUR_USD,1769541280.0,1.19774,1.19789,1.19781
EUR_USD,1769541285.0,1.19770,1.19785,1.19778
EUR_USD,1769541290.0,1.19771,1.19786,1.19779
EUR_USD,1769541295.0,1.19765,1.19780,1.19773
EUR_USD,1769541300.0,1.19763,1.19779,1.19771
EUR_USD,1769541305.0,1.19760,1.19775,1.19768
EUR_USD,1769541310.0,1.19765,1.19781,1.19773
EUR_USD,1769541315.0,1.19768,1.19784,1.19776
EUR_USD,1769541320.0,1.19764,1.19780,1.19772
EUR_USD,1769541325.0,1.19767,1.19783,1.19775
EUR_USD,1769541330.0,1.19764,1.19781,1.19773
EUR_USD,1769541335.0,1.19773,1.19790,1.19781
EUR_USD,1769541340.0,1.19770,1.19786,1.19778
EUR_USD,1769541345.0,1.19772,1.19789,1.19780
EUR_USD,1769541350.0,1.19772,1.19787,1.19779
EUR_USD,1769541355.0,1.19775,1.19791,1.19783
EUR_USD,1769541360.0,1.19775,1.19790,1.19782
EUR_USD,1769541365.0,1.19765,1.19781,1.19773
EUR_USD,1769541370.0,1.19766,1.19782,1.19774
EUR_USD,1769541375.0,1.19768,1.19784,1.19776
EUR_USD,1769541380.0,1.19767,1.19783,1.19775
EUR_USD,1769541385.0,1.19765,1.19781,1.19773
EUR_USD,1769541390.0,1.19767,1.19782,1.19775
EUR_USD,1769541395.0,1.19767,1.19784,1.19775
EUR_USD,1769541400.0,1.19765,1.19782,1.19774
EUR_USD,1769541405.0,1.19764,1.19781,1.19773
EUR_USD,1769541410.0,1.19764,1.19781,1.19773
EUR_USD,1769541415.0,1.19764,1.19781,1.19773
EUR_USD,1769541420.0,1.19764,1.19781,1.19773
EUR_USD,1769541425.0,1.19763,1.19780,1.19772
EUR_USD,1769541430.0,1.19762,1.19779,1.19771
EUR_USD,1769541435.0,1.19761,1.19778,1.19769
EUR_USD,1769541440.0,1.19764,1.19780,1.19772
EUR_USD,1769541445.0,1.19760,1.19777,1.19768
EUR_USD,1769541450.0,1.19760,1.19776,1.19768
EUR_USD,1769541455.0,1.19758,1.19775,1.19767
EUR_USD,1769541460.0,1.19758,1.19775,1.19767
EUR_USD,1769541465.0,1.19758,1.19775,1.19767
EUR_USD,1769541470.0,1.19758,1.19774,1.19766
EUR_USD,1769541475.0,1.19758,1.19774,1.19766
EUR_USD,1769541480.0,1.19752,1.19769,1.19760
EUR_USD,1769541485.0,1.19754,1.19771,1.19762
EUR_USD,1769541490.0,1.19750,1.19767,1.19759
EUR_USD,1769541495.0,1.19746,1.19762,1.19754
EUR_USD,1769541500.0,1.19732,1.19748,1.19740
EUR_USD,1769541505.0,1.19727,1.19744,1.19735
EUR_USD,1769541510.0,1.19725,1.19741,1.19733
EUR_USD,1769541515.0,1.19725,1.19741,1.19733
EUR_USD,1769541520.0,1.19719,1.19734,1.19727
EUR_USD,1769541525.0,1.19717,1.19733,1.19725
EUR_USD,1769541530.0,1.19719,1.19736,1.19727
EUR_USD,1769541535.0,1.19719,1.19736,1.19727
EUR_USD,1769541540.0,1.19714,1.19729,1.19721
EUR_USD,1769541545.0,1.19721,1.19738,1.19729
EUR_USD,1769541550.0,1.19721,1.19737,1.19729
EUR_USD,1769541555.0,1.19721,1.19737,1.19729
EUR_USD,1769541560.0,1.19721,1.19737,1.19729
EUR_USD,1769541565.0,1.19720,1.19736,1.19728
EUR_USD,1769541570.0,1.19718,1.19735,1.19726
EUR_USD,1769541575.0,1.19717,1.19734,1.19726
EUR_USD,1769541580.0,1.19714,1.19731,1.19722
EUR_USD,1769541585.0,1.19714,1.19732,1.19723
EUR_USD,1769541590.0,1.19718,1.19734,1.19726
EUR_USD,1769541595.0,1.19715,1.19732,1.19724
EUR_USD,1769541600.0,1.19724,1.19741,1.19733
EUR_USD,1769541605.0,1.19724,1.19741,1.19733
EUR_USD,1769541610.0,1.19724,1.19741,1.19733
EUR_USD,1769541615.0,1.19730,1.19746,1.19738
EUR_USD,1769541620.0,1.19729,1.19745,1.19737
EUR_USD,1769541625.0,1.19729,1.19744,1.19737
EUR_USD,1769541630.0,1.19729,1.19745,1.19737
EUR_USD,1769541635.0,1.19727,1.19743,1.19735
EUR_USD,1769541640.0,1.19729,1.19744,1.19737
EUR_USD,1769541645.0,1.19725,1.19742,1.19733
EUR_USD,1769541650.0,1.19724,1.19741,1.19733
EUR_USD,1769541655.0,1.19724,1.19741,1.19733
EUR_USD,1769541660.0,1.19727,1.19744,1.19735
EUR_USD,1769541665.0,1.19731,1.19746,1.19739
EUR_USD,1769541670.0,1.19731,1.19747,1.19739
EUR_USD,1769541675.0,1.19729,1.19746,1.19738
EUR_USD,1769541680.0,1.19730,1.19746,1.19738
EUR_USD,1769541685.0,1.19729,1.19745,1.19737
EUR_USD,1769541690.0,1.19726,1.19742,1.19734
EUR_USD,1769541695.0,1.19723,1.19739,1.19731
EUR_USD,1769541700.0,1.19722,1.19739,1.19731
EUR_USD,1769541705.0,1.19720,1.19737,1.19728
EUR_USD,1769541710.0,1.19722,1.19737,1.19729
EUR_USD,1769541715.0,1.19715,1.19731,1.19723
EUR_USD,1769541720.0,1.19716,1.19733,1.19725
EUR_USD,1769541725.0,1.19717,1.19734,1.19726
EUR_USD,1769541730.0,1.19720,1.19737,1.19728
EUR_USD,1769541735.0,1.19720,1.19737,1.19728
EUR_USD,1769541740.0,1.19720,1.19737,1.19728
EUR_USD,1769541745.0,1.19726,1.19743,1.19734
EUR_USD,1769541750.0,1.19730,1.19746,1.19738
EUR_USD,1769541755.0,1.19730,1.19747,1.19739
EUR_USD,1769541760.0,1.19730,1.19747,1.19739
EUR_USD,1769541765.0,1.19730,1.19747,1.19739
EUR_USD,1769541770.0,1.19740,1.19756,1.19748
EUR_USD,1769541775.0,1.19733,1.19749,1.19741
EUR_USD,1769541780.0,1.19734,1.19751,1.19742
EUR_USD,1769541785.0,1.19734,1.19751,1.19742
EUR_USD,1769541790.0,1.19741,1.19756,1.19748
EUR_USD,1769541795.0,1.19737,1.19751,1.19744
EUR_USD,1769541800.0,1.19738,1.19752,1.19745
EUR_USD,1769541805.0,1.19745,1.19759,1.19752
EUR_USD,1769541810.0,1.19746,1.19760,1.19753
EUR_USD,1769541815.0,1.19748,1.19763,1.19755
EUR_USD,1769541820.0,1.19748,1.19763,1.19755
EUR_USD,1769541825.0,1.19757,1.19773,1.19765
EUR_USD,1769541830.0,1.19763,1.19777,1.19770
EUR_USD,1769541835.0,1.19760,1.19777,1.19768
EUR_USD,1769541840.0,1.19769,1.19785,1.19777
EUR_USD,1769541845.0,1.19770,1.19786,1.19778
EUR_USD,1769541850.0,1.19772,1.19788,1.19780
EUR_USD,1769541855.0,1.19773,1.19789,1.19781
EUR_USD,1769541860.0,1.19773,1.19789,1.19781
EUR_USD,1769541865.0,1.19774,1.19789,1.19781
EUR_USD,1769541870.0,1.19773,1.19788,1.19781
EUR_USD,1769541875.0,1.19772,1.19788,1.19780
EUR_USD,1769541880.0,1.19771,1.19788,1.19780
EUR_USD,1769541885.0,1.19771,1.19787,1.19779
EUR_USD,1769541890.0,1.19773,1.19789,1.19781
EUR_USD,1769541895.0,1.19778,1.19795,1.19787
EUR_USD,1769541900.0,1.19768,1.19786,1.19777
EUR_USD,1769541905.0,1.19769,1.19786,1.19778
EUR_USD,1769541910.0,1.19770,1.19786,1.19778
EUR_USD,1769541915.0,1.19770,1.19787,1.19779
EUR_USD,1769541920.0,1.19767,1.19784,1.19775
EUR_USD,1769541925.0,1.19765,1.19781,1.19773
EUR_USD,1769541930.0,1.19765,1.19781,1.19773
EUR_USD,1769541935.0,1.19765,1.19781,1.19773
EUR_USD,1769541940.0,1.19765,1.19781,1.19773
EUR_USD,1769541945.0,1.19759,1.19777,1.19768
EUR_USD,1769541950.0,1.19759,1.19776,1.19767
EUR_USD,1769541955.0,1.19766,1.19783,1.19774
EUR_USD,1769541960.0,1.19765,1.19782,1.19774
EUR_USD,1769541965.0,1.19766,1.19781,1.19773
EUR_USD,1769541970.0,1.19766,1.19781,1.19773
EUR_USD,1769541975.0,1.19761,1.19775,1.19768
EUR_USD,1769541980.0,1.19743,1.19760,1.19752
EUR_USD,1769541985.0,1.19739,1.19755,1.19747
EUR_USD,1769541990.0,1.19741,1.19758,1.19749
EUR_USD,1769541995.0,1.19745,1.19761,1.19753
EUR_USD,1769542000.0,1.19744,1.19761,1.19753
EUR_USD,1769542005.0,1.19744,1.19760,1.19752
EUR_USD,1769542010.0,1.19744,1.19762,1.19753
EUR_USD,1769542015.0,1.19745,1.19762,1.19753
EUR_USD,1769542020.0,1.19749,1.19766,1.19758
EUR_USD,1769542025.0,1.19749,1.19766,1.19758
EUR_USD,1769542030.0,1.19750,1.19766,1.19758
EUR_USD,1769542035.0,1.19750,1.19767,1.19759
EUR_USD,1769542040.0,1.19748,1.19765,1.19756
EUR_USD,1769542045.0,1.19750,1.19765,1.19758
EUR_USD,1769542050.0,1.19747,1.19764,1.19755
EUR_USD,1769542055.0,1.19739,1.19757,1.19748
EUR_USD,1769542060.0,1.19739,1.19756,1.19747
EUR_USD,1769542065.0,1.19739,1.19756,1.19747
EUR_USD,1769542070.0,1.19738,1.19756,1.19747
EUR_USD,1769542075.0,1.19738,1.19755,1.19747
EUR_USD,1769542080.0,1.19738,1.19755,1.19747
EUR_USD,1769542085.0,1.19739,1.19755,1.19747
EUR_USD,1769542090.0,1.19737,1.19755,1.19746
EUR_USD,1769542095.0,1.19738,1.19755,1.19747
EUR_USD,1769542100.0,1.19738,1.19755,1.19747
EUR_USD,1769542105.0,1.19738,1.19755,1.19747
EUR_USD,1769542110.0,1.19739,1.19756,1.19747
EUR_USD,1769542115.0,1.19738,1.19755,1.19747
EUR_USD,1769542120.0,1.19740,1.19755,1.19747
EUR_USD,1769542125.0,1.19743,1.19760,1.19752
EUR_USD,1769542130.0,1.19744,1.19761,1.19753
EUR_USD,1769542135.0,1.19738,1.19755,1.19747
EUR_USD,1769542140.0,1.19740,1.19757,1.19748
EUR_USD,1769542145.0,1.19738,1.19755,1.19747
EUR_USD,1769542150.0,1.19742,1.19759,1.19751
EUR_USD,1769542155.0,1.19740,1.19756,1.19748
EUR_USD,1769542160.0,1.19734,1.19751,1.19742
EUR_USD,1769542165.0,1.19737,1.19753,1.19745
EUR_USD,1769542170.0,1.19738,1.19756,1.19747
EUR_USD,1769542175.0,1.19739,1.19757,1.19748
EUR_USD,1769542180.0,1.19742,1.19759,1.19751
EUR_USD,1769542185.0,1.19743,1.19760,1.19752
EUR_USD,1769542190.0,1.19743,1.19759,1.19751
EUR_USD,1769542195.0,1.19740,1.19757,1.19748
EUR_USD,1769542200.0,1.19746,1.19761,1.19754
EUR_USD,1769542205.0,1.19754,1.19770,1.19762
EUR_USD,1769542210.0,1.19755,1.19770,1.19762
EUR_USD,1769542215.0,1.19755,1.19771,1.19763
EUR_USD,1769542220.0,1.19758,1.19774,1.19766
EUR_USD,1769542225.0,1.19759,1.19774,1.19766
EUR_USD,1769542230.0,1.19759,1.19776,1.19767
EUR_USD,1769542235.0,1.19759,1.19776,1.19767
EUR_USD,1769542240.0,1.19763,1.19780,1.19772
EUR_USD,1769542245.0,1.19760,1.19777,1.19768
EUR_USD,1769542250.0,1.19760,1.19775,1.19768
EUR_USD,1769542255.0,1.19759,1.19775,1.19767
EUR_USD,1769542260.0,1.19760,1.19775,1.19768
EUR_USD,1769542265.0,1.19759,1.19776,1.19767
EUR_USD,1769542270.0,1.19760,1.19775,1.19768
EUR_USD,1769542275.0,1.19754,1.19770,1.19762
EUR_USD,1769542280.0,1.19754,1.19769,1.19761
EUR_USD,1769542285.0,1.19754,1.19769,1.19761
EUR_USD,1769542290.0,1.19748,1.19765,1.19756
EUR_USD,1769542295.0,1.19754,1.19770,1.19762
EUR_USD,1769542300.0,1.19754,1.19770,1.19762
EUR_USD,1769542305.0,1.19754,1.19770,1.19762
EUR_USD,1769542310.0,1.19754,1.19771,1.19762
EUR_USD,1769542315.0,1.19754,1.19770,1.19762
EUR_USD,1769542320.0,1.19751,1.19767,1.19759
EUR_USD,1769542325.0,1.19746,1.19763,1.19754
EUR_USD,1769542330.0,1.19745,1.19762,1.19753
EUR_USD,1769542335.0,1.19746,1.19762,1.19754
EUR_USD,1769542340.0,1.19746,1.19762,1.19754
EUR_USD,1769542345.0,1.19746,1.19762,1.19754
EUR_USD,1769542350.0,1.19748,1.19763,1.19755
EUR_USD,1769542355.0,1.19752,1.19767,1.19759
EUR_USD,1769542360.0,1.19751,1.19767,1.19759
EUR_USD,1769542365.0,1.19754,1.19770,1.19762
EUR_USD,1769542370.0,1.19754,1.19770,1.19762
EUR_USD,1769542375.0,1.19754,1.19770,1.19762
EUR_USD,1769542380.0,1.19737,1.19754,1.19746
EUR_USD,1769542385.0,1.19741,1.19757,1.19749
EUR_USD,1769542390.0,1.19744,1.19761,1.19753
EUR_USD,1769542395.0,1.19758,1.19775,1.19767
EUR_USD,1769542400.0,1.19756,1.19772,1.19764
EUR_USD,1769542405.0,1.19758,1.19773,1.19766
EUR_USD,1769542410.0,1.19754,1.19771,1.19762
EUR_USD,1769542415.0,1.19754,1.19770,1.19762
EUR_USD,1769542420.0,1.19752,1.19769,1.19760
EUR_USD,1769542425.0,1.19753,1.19770,1.19761
EUR_USD,1769542430.0,1.19752,1.19769,1.19760
EUR_USD,1769542435.0,1.19754,1.19771,1.19762
EUR_USD,1769542440.0,1.19754,1.19771,1.19762
EUR_USD,1769542445.0,1.19753,1.19771,1.19762
EUR_USD,1769542450.0,1.19753,1.19770,1.19761
EUR_USD,1769542455.0,1.19757,1.19775,1.19766
EUR_USD,1769542460.0,1.19757,1.19775,1.19766
EUR_USD,1769542465.0,1.19756,1.19773,1.19765
EUR_USD,1769542470.0,1.19756,1.19773,1.19765
EUR_USD,1769542475.0,1.19759,1.19775,1.19767
EUR_USD,1769542480.0,1.19759,1.19775,1.19767
EUR_USD,1769542485.0,1.19759,1.19775,1.19767
EUR_USD,1769542490.0,1.19764,1.19780,1.19772
EUR_USD,1769542495.0,1.19762,1.19779,1.19771
EUR_USD,1769542500.0,1.19756,1.19772,1.19764
EUR_USD,1769542505.0,1.19754,1.19770,1.19762
EUR_USD,1769542510.0,1.19754,1.19770,1.19762
EUR_USD,1769542515.0,1.19749,1.19765,1.19757
EUR_USD,1769542520.0,1.19747,1.19763,1.19755
EUR_USD,1769542525.0,1.19745,1.19759,1.19752
EUR_USD,1769542530.0,1.19746,1.19760,1.19753
EUR_USD,1769542535.0,1.19751,1.19766,1.19759
EUR_USD,1769542540.0,1.19751,1.19766,1.19759
EUR_USD,1769542545.0,1.19755,1.19769,1.19762
EUR_USD,1769542550.0,1.19760,1.19774,1.19767
EUR_USD,1769542555.0,1.19764,1.19778,1.19771
EUR_USD,1769542560.0,1.19764,1.19778,1.19771
EUR_USD,1769542565.0,1.19764,1.19781,1.19773
EUR_USD,1769542570.0,1.19764,1.19781,1.19773
EUR_USD,1769542575.0,1.19766,1.19781,1.19773
EUR_USD,1769542580.0,1.19764,1.19781,1.19773
EUR_USD,1769542585.0,1.19755,1.19771,1.19763
EUR_USD,1769542590.0,1.19751,1.19767,1.19759
EUR_USD,1769542595.0,1.19751,1.19766,1.19759
EUR_USD,1769542600.0,1.19750,1.19764,1.19757
EUR_USD,1769542605.0,1.19752,1.19767,1.19759
EUR_USD,1769542610.0,1.19753,1.19768,1.19761
EUR_USD,1769542615.0,1.19753,1.19768,1.19761
EUR_USD,1769542620.0,1.19760,1.19775,1.19768
EUR_USD,1769542625.0,1.19760,1.19774,1.19767
EUR_USD,1769542630.0,1.19756,1.19770,1.19763
EUR_USD,1769542635.0,1.19755,1.19769,1.19762
EUR_USD,1769542640.0,1.19754,1.19769,1.19761
EUR_USD,1769542645.0,1.19754,1.19769,1.19761
EUR_USD,1769542650.0,1.19754,1.19769,1.19761
EUR_USD,1769542655.0,1.19756,1.19770,1.19763
EUR_USD,1769542660.0,1.19761,1.19776,1.19768
EUR_USD,1769542665.0,1.19759,1.19773,1.19766
EUR_USD,1769542670.0,1.19767,1.19781,1.19774
EUR_USD,1769542675.0,1.19771,1.19787,1.19779
EUR_USD,1769542680.0,1.19773,1.19788,1.19781
EUR_USD,1769542685.0,1.19773,1.19787,1.19780
EUR_USD,1769542690.0,1.19771,1.19787,1.19779
EUR_USD,1769542695.0,1.19773,1.19787,1.19780
EUR_USD,1769542700.0,1.19773,1.19787,1.19780
EUR_USD,1769542705.0,1.19780,1.19795,1.19788
EUR_USD,1769542710.0,1.19780,1.19795,1.19788
EUR_USD,1769542715.0,1.19778,1.19792,1.19785
EUR_USD,1769542720.0,1.19780,1.19795,1.19788
EUR_USD,1769542725.0,1.19780,1.19795,1.19788
EUR_USD,1769542730.0,1.19781,1.19797,1.19789
EUR_USD,1769542735.0,1.19784,1.19801,1.19793
EUR_USD,1769542740.0,1.19781,1.19797,1.19789
EUR_USD,1769542745.0,1.19777,1.19793,1.19785
EUR_USD,1769542750.0,1.19780,1.19795,1.19788
EUR_USD,1769542755.0,1.19781,1.19797,1.19789
EUR_USD,1769542760.0,1.19781,1.19796,1.19788
EUR_USD,1769542765.0,1.19781,1.19796,1.19788
EUR_USD,1769542770.0,1.19782,1.19797,1.19789
EUR_USD,1769542775.0,1.19783,1.19797,1.19790
EUR_USD,1769542780.0,1.19783,1.19799,1.19791
EUR_USD,1769542785.0,1.19784,1.19800,1.19792
EUR_USD,1769542790.0,1.19779,1.19795,1.19787
EUR_USD,1769542795.0,1.19779,1.19796,1.19787
EUR_USD,1769542800.0,1.19780,1.19795,1.19788
EUR_USD,1769542805.0,1.19776,1.19793,1.19785
EUR_USD,1769542810.0,1.19779,1.19796,1.19787
EUR_USD,1769542815.0,1.19780,1.19795,1.19788
EUR_USD,1769542820.0,1.19778,1.19796,1.19787
EUR_USD,1769542825.0,1.19771,1.19787,1.19779
EUR_USD,1769542830.0,1.19775,1.19791,1.19783
EUR_USD,1769542835.0,1.19775,1.19790,1.19782
EUR_USD,1769542840.0,1.19775,1.19791,1.19783
EUR_USD,1769542845.0,1.19778,1.19795,1.19787
EUR_USD,1769542850.0,1.19781,1.19796,1.19788
EUR_USD,1769542855.0,1.19776,1.19793,1.19785
EUR_USD,1769542860.0,1.19780,1.19796,1.19788
EUR_USD,1769542865.0,1.19781,1.19796,1.19788
EUR_USD,1769542870.0,1.19780,1.19795,1.19788
EUR_USD,1769542875.0,1.19781,1.19796,1.19788
EUR_USD,1769542880.0,1.19781,1.19796,1.19788
EUR_USD,1769542885.0,1.19780,1.19795,1.19788
EUR_USD,1769542890.0,1.19780,1.19796,1.19788
EUR_USD,1769542895.0,1.19779,1.19794,1.19786
EUR_USD,1769542900.0,1.19780,1.19795,1.19788
EUR_USD,1769542905.0,1.19780,1.19795,1.19788
EUR_USD,1769542910.0,1.19780,1.19796,1.19788
EUR_USD,1769542915.0,1.19775,1.19791,1.19783
EUR_USD,1769542920.0,1.19777,1.19792,1.19785
EUR_USD,1769542925.0,1.19777,1.19791,1.19784
EUR_USD,1769542930.0,1.19776,1.19790,1.19783
EUR_USD,1769542935.0,1.19776,1.19790,1.19783
EUR_USD,1769542940.0,1.19760,1.19774,1.19767
EUR_USD,1769542945.0,1.19760,1.19776,1.19768
EUR_USD,1769542950.0,1.19760,1.19775,1.19768
EUR_USD,1769542955.0,1.19765,1.19779,1.19772
EUR_USD,1769542960.0,1.19767,1.19781,1.19774
EUR_USD,1769542965.0,1.19775,1.19789,1.19782
EUR_USD,1769542970.0,1.19778,1.19794,1.19786
EUR_USD,1769542975.0,1.19786,1.19802,1.19794
EUR_USD,1769542980.0,1.19791,1.19806,1.19799
EUR_USD,1769542985.0,1.19790,1.19806,1.19798
EUR_USD,1769542990.0,1.19790,1.19804,1.19797
EUR_USD,1769542995.0,1.19788,1.19804,1.19796
EUR_USD,1769543000.0,1.19788,1.19804,1.19796
EUR_USD,1769543005.0,1.19785,1.19801,1.19793
EUR_USD,1769543010.0,1.19789,1.19805,1.19797
EUR_USD,1769543015.0,1.19784,1.19799,1.19792
EUR_USD,1769543020.0,1.19785,1.19799,1.19792
EUR_USD,1769543025.0,1.19788,1.19803,1.19795
EUR_USD,1769543030.0,1.19788,1.19803,1.19795
EUR_USD,1769543035.0,1.19781,1.19795,1.19788
EUR_USD,1769543040.0,1.19781,1.19796,1.19788
EUR_USD,1769543045.0,1.19780,1.19795,1.19788
EUR_USD,1769543050.0,1.19780,1.19794,1.19787
EUR_USD,1769543055.0,1.19780,1.19794,1.19787
EUR_USD,1769543060.0,1.19780,1.19794,1.19787
EUR_USD,1769543065.0,1.19780,1.19794,1.19787
EUR_USD,1769543070.0,1.19779,1.19794,1.19786
EUR_USD,1769543075.0,1.19777,1.19791,1.19784
EUR_USD,1769543080.0,1.19779,1.19794,1.19786
EUR_USD,1769543085.0,1.19776,1.19790,1.19783
EUR_USD,1769543090.0,1.19776,1.19790,1.19783
EUR_USD,1769543095.0,1.19776,1.19790,1.19783
EUR_USD,1769543100.0,1.19767,1.19781,1.19774
EUR_USD,1769543105.0,1.19771,1.19785,1.19778
EUR_USD,1769543110.0,1.19770,1.19785,1.19778
EUR_USD,1769543115.0,1.19768,1.19783,1.19775
EUR_USD,1769543120.0,1.19762,1.19776,1.19769
EUR_USD,1769543125.0,1.19760,1.19776,1.19768
EUR_USD,1769543130.0,1.19760,1.19776,1.19768
EUR_USD,1769543135.0,1.19760,1.19776,1.19768
EUR_USD,1769543140.0,1.19760,1.19776,1.19768
EUR_USD,1769543145.0,1.19760,1.19776,1.19768
EUR_USD,1769543150.0,1.19744,1.19760,1.19752
EUR_USD,1769543155.0,1.19744,1.19761,1.19753
EUR_USD,1769543160.0,1.19740,1.19756,1.19748
EUR_USD,1769543165.0,1.19742,1.19758,1.19750
EUR_USD,1769543170.0,1.19740,1.19756,1.19748
EUR_USD,1769543175.0,1.19740,1.19755,1.19747
EUR_USD,1769543180.0,1.19739,1.19755,1.19747
EUR_USD,1769543185.0,1.19739,1.19755,1.19747
EUR_USD,1769543190.0,1.19739,1.19755,1.19747
EUR_USD,1769543195.0,1.19725,1.19740,1.19732
EUR_USD,1769543200.0,1.19725,1.19740,1.19732
EUR_USD,1769543205.0,1.19718,1.19736,1.19727
EUR_USD,1769543210.0,1.19722,1.19739,1.19731
EUR_USD,1769543215.0,1.19721,1.19738,1.19729
EUR_USD,1769543220.0,1.19721,1.19738,1.19729
EUR_USD,1769543225.0,1.19724,1.19740,1.19732
EUR_USD,1769543230.0,1.19723,1.19741,1.19732
EUR_USD,1769543235.0,1.19724,1.19741,1.19733
EUR_USD,1769543240.0,1.19722,1.19739,1.19731
EUR_USD,1769543245.0,1.19727,1.19745,1.19736
EUR_USD,1769543250.0,1.19719,1.19737,1.19728
EUR_USD,1769543255.0,1.19722,1.19739,1.19731
EUR_USD,1769543260.0,1.19722,1.19739,1.19731
EUR_USD,1769543265.0,1.19724,1.19741,1.19733
EUR_USD,1769543270.0,1.19724,1.19740,1.19732
EUR_USD,1769543275.0,1.19724,1.19740,1.19732
EUR_USD,1769543280.0,1.19721,1.19738,1.19729
EUR_USD,1769543285.0,1.19719,1.19737,1.19728
EUR_USD,1769543290.0,1.19719,1.19735,1.19727
EUR_USD,1769543295.0,1.19719,1.19735,1.19727
EUR_USD,1769543300.0,1.19722,1.19738,1.19730
EUR_USD,1769543305.0,1.19716,1.19733,1.19725
EUR_USD,1769543310.0,1.19716,1.19733,1.19725
EUR_USD,1769543315.0,1.19716,1.19733,1.19725
EUR_USD,1769543320.0,1.19712,1.19729,1.19720
EUR_USD,1769543325.0,1.19708,1.19724,1.19716
EUR_USD,1769543330.0,1.19707,1.19723,1.19715
EUR_USD,1769543335.0,1.19704,1.19721,1.19713
EUR_USD,1769543340.0,1.19707,1.19723,1.19715
EUR_USD,1769543345.0,1.19709,1.19725,1.19717
EUR_USD,1769543350.0,1.19714,1.19730,1.19722
EUR_USD,1769543355.0,1.19714,1.19730,1.19722
EUR_USD,1769543360.0,1.19714,1.19730,1.19722
EUR_USD,1769543365.0,1.19714,1.19730,1.19722
EUR_USD,1769543370.0,1.19721,1.19737,1.19729
EUR_USD,1769543375.0,1.19722,1.19739,1.19731
EUR_USD,1769543380.0,1.19722,1.19739,1.19731
EUR_USD,1769543385.0,1.19721,1.19738,1.19729
EUR_USD,1769543390.0,1.19722,1.19739,1.19731
EUR_USD,1769543395.0,1.19723,1.19739,1.19731
EUR_USD,1769543400.0,1.19724,1.19740,1.19732
EUR_USD,1769543405.0,1.19722,1.19738,1.19730
EUR_USD,1769543410.0,1.19722,1.19738,1.19730
EUR_USD,1769543415.0,1.19724,1.19740,1.19732
EUR_USD,1769543420.0,1.19725,1.19741,1.19733
EUR_USD,1769543425.0,1.19723,1.19739,1.19731
EUR_USD,1769543430.0,1.19721,1.19737,1.19729
EUR_USD,1769543435.0,1.19718,1.19735,1.19726
EUR_USD,1769543440.0,1.19719,1.19736,1.19727
EUR_USD,1769543445.0,1.19721,1.19737,1.19729
EUR_USD,1769543450.0,1.19720,1.19737,1.19728
EUR_USD,1769543455.0,1.19722,1.19739,1.19731
EUR_USD,1769543460.0,1.19721,1.19737,1.19729
EUR_USD,1769543465.0,1.19722,1.19739,1.19731
EUR_USD,1769543470.0,1.19736,1.19753,1.19745
EUR_USD,1769543475.0,1.19736,1.19753,1.19745
EUR_USD,1769543480.0,1.19742,1.19758,1.19750
EUR_USD,1769543485.0,1.19741,1.19757,1.19749
EUR_USD,1769543490.0,1.19740,1.19757,1.19748
EUR_USD,1769543495.0,1.19745,1.19762,1.19753
EUR_USD,1769543500.0,1.19748,1.19765,1.19756
EUR_USD,1769543505.0,1.19740,1.19756,1.19748
EUR_USD,1769543510.0,1.19742,1.19758,1.19750
EUR_USD,1769543515.0,1.19745,1.19762,1.19753
EUR_USD,1769543520.0,1.19749,1.19765,1.19757
EUR_USD,1769543525.0,1.19749,1.19765,1.19757
EUR_USD,1769543530.0,1.19752,1.19769,1.19760
EUR_USD,1769543535.0,1.19754,1.19771,1.19762
EUR_USD,1769543540.0,1.19754,1.19771,1.19762
EUR_USD,1769543545.0,1.19755,1.19772,1.19764
EUR_USD,1769543550.0,1.19756,1.19772,1.19764
EUR_USD,1769543555.0,1.19756,1.19772,1.19764
EUR_USD,1769543560.0,1.19756,1.19771,1.19764
EUR_USD,1769543565.0,1.19760,1.19777,1.19768
EUR_USD,1769543570.0,1.19766,1.19782,1.19774
EUR_USD,1769543575.0,1.19764,1.19780,1.19772
EUR_USD,1769543580.0,1.19762,1.19779,1.19771
EUR_USD,1769543585.0,1.19755,1.19772,1.19764
EUR_USD,1769543590.0,1.19752,1.19770,1.19761
EUR_USD,1769543595.0,1.19753,1.19769,1.19761
EUR_USD,1769543600.0,1.19753,1.19769,1.19761
EUR_USD,1769543605.0,1.19753,1.19769,1.19761
EUR_USD,1769543610.0,1.19753,1.19769,1.19761
EUR_USD,1769543615.0,1.19754,1.19769,1.19761
EUR_USD,1769543620.0,1.19756,1.19771,1.19764
EUR_USD,1769543625.0,1.19757,1.19771,1.19764
EUR_USD,1769543630.0,1.19757,1.19771,1.19764
EUR_USD,1769543635.0,1.19755,1.19771,1.19763
EUR_USD,1769543640.0,1.19747,1.19762,1.19754
EUR_USD,1769543645.0,1.19746,1.19761,1.19754
EUR_USD,1769543650.0,1.19740,1.19755,1.19747
EUR_USD,1769543655.0,1.19736,1.19754,1.19745
EUR_USD,1769543660.0,1.19736,1.19753,1.19745
EUR_USD,1769543665.0,1.19736,1.19753,1.19745
EUR_USD,1769543670.0,1.19734,1.19750,1.19742
EUR_USD,1769543675.0,1.19743,1.19758,1.19751
EUR_USD,1769543680.0,1.19741,1.19756,1.19748
EUR_USD,1769543685.0,1.19746,1.19761,1.19754
EUR_USD,1769543690.0,1.19743,1.19759,1.19751
EUR_USD,1769543695.0,1.19743,1.19760,1.19752
EUR_USD,1769543700.0,1.19746,1.19762,1.19754
EUR_USD,1769543705.0,1.19746,1.19762,1.19754
EUR_USD,1769543710.0,1.19753,1.19768,1.19761
EUR_USD,1769543715.0,1.19753,1.19770,1.19761
EUR_USD,1769543720.0,1.19756,1.19771,1.19764
EUR_USD,1769543725.0,1.19756,1.19770,1.19763
EUR_USD,1769543730.0,1.19755,1.19771,1.19763
EUR_USD,1769543735.0,1.19760,1.19777,1.19768
EUR_USD,1769543740.0,1.19764,1.19781,1.19773
EUR_USD,1769543745.0,1.19764,1.19781,1.19773
EUR_USD,1769543750.0,1.19767,1.19783,1.19775
EUR_USD,1769543755.0,1.19755,1.19771,1.19763
EUR_USD,1769543760.0,1.19753,1.19770,1.19761
EUR_USD,1769543765.0,1.19755,1.19772,1.19764
EUR_USD,1769543770.0,1.19759,1.19776,1.19767
EUR_USD,1769543775.0,1.19755,1.19771,1.19763
EUR_USD,1769543780.0,1.19755,1.19771,1.19763
EUR_USD,1769543785.0,1.19756,1.19771,1.19764
EUR_USD,1769543790.0,1.19756,1.19771,1.19764
EUR_USD,1769543795.0,1.19754,1.19770,1.19762
EUR_USD,1769543800.0,1.19759,1.19774,1.19766
EUR_USD,1769543805.0,1.19760,1.19777,1.19768
EUR_USD,1769543810.0,1.19760,1.19776,1.19768
EUR_USD,1769543815.0,1.19759,1.19776,1.19767
EUR_USD,1769543820.0,1.19764,1.19780,1.19772
EUR_USD,1769543825.0,1.19769,1.19785,1.19777
EUR_USD,1769543830.0,1.19769,1.19784,1.19776
EUR_USD,1769543835.0,1.19770,1.19786,1.19778
EUR_USD,1769543840.0,1.19755,1.19770,1.19762
EUR_USD,1769543845.0,1.19756,1.19772,1.19764
EUR_USD,1769543850.0,1.19754,1.19770,1.19762
EUR_USD,1769543855.0,1.19750,1.19767,1.19759
EUR_USD,1769543860.0,1.19749,1.19766,1.19758
EUR_USD,1769543865.0,1.19755,1.19769,1.19762
EUR_USD,1769543870.0,1.19757,1.19773,1.19765
EUR_USD,1769543875.0,1.19760,1.19776,1.19768
EUR_USD,1769543880.0,1.19751,1.19766,1.19759
EUR_USD,1769543885.0,1.19744,1.19761,1.19753
EUR_USD,1769543890.0,1.19750,1.19766,1.19758
EUR_USD,1769543895.0,1.19750,1.19765,1.19758
EUR_USD,1769543900.0,1.19747,1.19762,1.19754
EUR_USD,1769543905.0,1.19746,1.19761,1.19754
EUR_USD,1769543910.0,1.19750,1.19765,1.19758
EUR_USD,1769543915.0,1.19754,1.19769,1.19761
EUR_USD,1769543920.0,1.19755,1.19770,1.19762
EUR_USD,1769543925.0,1.19755,1.19771,1.19763
EUR_USD,1769543930.0,1.19755,1.19770,1.19762
EUR_USD,1769543935.0,1.19750,1.19766,1.19758
EUR_USD,1769543940.0,1.19751,1.19766,1.19759
EUR_USD,1769543945.0,1.19754,1.19769,1.19761
EUR_USD,1769543950.0,1.19771,1.19785,1.19778
EUR_USD,1769543955.0,1.19770,1.19786,1.19778
EUR_USD,1769543960.0,1.19768,1.19783,1.19775
EUR_USD,1769543965.0,1.19763,1.19779,1.19771
EUR_USD,1769543970.0,1.19766,1.19781,1.19773
EUR_USD,1769543975.0,1.19765,1.19781,1.19773
EUR_USD,1769543980.0,1.19764,1.19780,1.19772
EUR_USD,1769543985.0,1.19765,1.19780,1.19773
EUR_USD,1769543990.0,1.19761,1.19777,1.19769
EUR_USD,1769543995.0,1.19764,1.19780,1.19772
EUR_USD,1769544000.0,1.19756,1.19773,1.19765
EUR_USD,1769544005.0,1.19756,1.19772,1.19764
EUR_USD,1769544010.0,1.19745,1.19762,1.19753
EUR_USD,1769544015.0,1.19744,1.19760,1.19752
EUR_USD,1769544020.0,1.19739,1.19756,1.19747
EUR_USD,1769544025.0,1.19738,1.19754,1.19746
EUR_USD,1769544030.0,1.19734,1.19751,1.19742
EUR_USD,1769544035.0,1.19744,1.19760,1.19752
EUR_USD,1769544040.0,1.19743,1.19760,1.19752
EUR_USD,1769544045.0,1.19744,1.19760,1.19752
EUR_USD,1769544050.0,1.19743,1.19760,1.19752
EUR_USD,1769544055.0,1.19744,1.19759,1.19752
EUR_USD,1769544060.0,1.19744,1.19758,1.19751
EUR_USD,1769544065.0,1.19746,1.19761,1.19754
EUR_USD,1769544070.0,1.19753,1.19768,1.19761
EUR_USD,1769544075.0,1.19754,1.19770,1.19762
EUR_USD,1769544080.0,1.19756,1.19771,1.19764
EUR_USD,1769544085.0,1.19757,1.19772,1.19765
EUR_USD,1769544090.0,1.19753,1.19769,1.19761
EUR_USD,1769544095.0,1.19756,1.19770,1.19763
EUR_USD,1769544100.0,1.19755,1.19770,1.19762
EUR_USD,1769544105.0,1.19754,1.19768,1.19761
EUR_USD,1769544110.0,1.19756,1.19771,1.19764
EUR_USD,1769544115.0,1.19756,1.19770,1.19763
EUR_USD,1769544120.0,1.19762,1.19777,1.19769
EUR_USD,1769544125.0,1.19762,1.19776,1.19769
EUR_USD,1769544130.0,1.19759,1.19776,1.19767
EUR_USD,1769544135.0,1.19760,1.19775,1.19768
EUR_USD,1769544140.0,1.19759,1.19774,1.19766
EUR_USD,1769544145.0,1.19759,1.19775,1.19767
EUR_USD,1769544150.0,1.19760,1.19775,1.19768
EUR_USD,1769544155.0,1.19760,1.19776,1.19768
EUR_USD,1769544160.0,1.19759,1.19776,1.19767
EUR_USD,1769544165.0,1.19759,1.19776,1.19767
EUR_USD,1769544170.0,1.19743,1.19759,1.19751
EUR_USD,1769544175.0,1.19745,1.19761,1.19753
EUR_USD,1769544180.0,1.19753,1.19769,1.19761
EUR_USD,1769544185.0,1.19750,1.19766,1.19758
EUR_USD,1769544190.0,1.19750,1.19766,1.19758
EUR_USD,1769544195.0,1.19750,1.19766,1.19758
EUR_USD,1769544200.0,1.19749,1.19766,1.19758
EUR_USD,1769544205.0,1.19754,1.19769,1.19761
EUR_USD,1769544210.0,1.19755,1.19771,1.19763
EUR_USD,1769544215.0,1.19754,1.19770,1.19762
EUR_USD,1769544220.0,1.19754,1.19770,1.19762
EUR_USD,1769544225.0,1.19754,1.19770,1.19762
EUR_USD,1769544230.0,1.19758,1.19773,1.19766
EUR_USD,1769544235.0,1.19760,1.19776,1.19768
EUR_USD,1769544240.0,1.19760,1.19776,1.19768
EUR_USD,1769544245.0,1.19770,1.19785,1.19778
EUR_USD,1769544250.0,1.19770,1.19785,1.19778
EUR_USD,1769544255.0,1.19774,1.19788,1.19781
EUR_USD,1769544260.0,1.19776,1.19791,1.19783
EUR_USD,1769544265.0,1.19782,1.19797,1.19789
EUR_USD,1769544270.0,1.19780,1.19796,1.19788
EUR_USD,1769544275.0,1.19780,1.19795,1.19788
EUR_USD,1769544280.0,1.19780,1.19795,1.19788
EUR_USD,1769544285.0,1.19781,1.19796,1.19788
EUR_USD,1769544290.0,1.19779,1.19793,1.19786
EUR_USD,1769544295.0,1.19779,1.19793,1.19786
EUR_USD,1769544300.0,1.19780,1.19795,1.19788
EUR_USD,1769544305.0,1.19784,1.19798,1.19791
EUR_USD,1769544310.0,1.19782,1.19796,1.19789
EUR_USD,1769544315.0,1.19783,1.19798,1.19790
EUR_USD,1769544320.0,1.19784,1.19799,1.19792
EUR_USD,1769544325.0,1.19781,1.19796,1.19788
EUR_USD,1769544330.0,1.19784,1.19799,1.19792
EUR_USD,1769544335.0,1.19789,1.19804,1.19796
EUR_USD,1769544340.0,1.19790,1.19805,1.19798
EUR_USD,1769544345.0,1.19789,1.19803,1.19796
EUR_USD,1769544350.0,1.19790,1.19805,1.19798
EUR_USD,1769544355.0,1.19790,1.19804,1.19797
EUR_USD,1769544360.0,1.19787,1.19801,1.19794
EUR_USD,1769544365.0,1.19776,1.19790,1.19783
EUR_USD,1769544370.0,1.19776,1.19790,1.19783
EUR_USD,1769544375.0,1.19774,1.19788,1.19781
EUR_USD,1769544380.0,1.19771,1.19787,1.19779
EUR_USD,1769544385.0,1.19773,1.19788,1.19781
EUR_USD,1769544390.0,1.19771,1.19787,1.19779
EUR_USD,1769544395.0,1.19771,1.19787,1.19779
EUR_USD,1769544400.0,1.19775,1.19790,1.19782
EUR_USD,1769544405.0,1.19773,1.19789,1.19781
EUR_USD,1769544410.0,1.19773,1.19788,1.19781
EUR_USD,1769544415.0,1.19772,1.19786,1.19779
EUR_USD,1769544420.0,1.19773,1.19789,1.19781
EUR_USD,1769544425.0,1.19774,1.19789,1.19781
EUR_USD,1769544430.0,1.19775,1.19792,1.19783
EUR_USD,1769544435.0,1.19771,1.19787,1.19779
EUR_USD,1769544440.0,1.19770,1.19786,1.19778
EUR_USD,1769544445.0,1.19772,1.19788,1.19780
EUR_USD,1769544450.0,1.19774,1.19790,1.19782
EUR_USD,1769544455.0,1.19774,1.19791,1.19782
EUR_USD,1769544460.0,1.19775,1.19790,1.19782
EUR_USD,1769544465.0,1.19777,1.19791,1.19784
EUR_USD,1769544470.0,1.19775,1.19792,1.19783
EUR_USD,1769544475.0,1.19777,1.19793,1.19785
EUR_USD,1769544480.0,1.19775,1.19791,1.19783
EUR_USD,1769544485.0,1.19772,1.19788,1.19780
EUR_USD,1769544490.0,1.19773,1.19788,1.19781
EUR_USD,1769544495.0,1.19773,1.19789,1.19781
EUR_USD,1769544500.0,1.19773,1.19789,1.19781
EUR_USD,1769544505.0,1.19770,1.19786,1.19778
EUR_USD,1769544510.0,1.19770,1.19786,1.19778
EUR_USD,1769544515.0,1.19769,1.19785,1.19777
EUR_USD,1769544520.0,1.19769,1.19785,1.19777
EUR_USD,1769544525.0,1.19769,1.19785,1.19777
EUR_USD,1769544530.0,1.19765,1.19780,1.19773
EUR_USD,1769544535.0,1.19766,1.19781,1.19773
EUR_USD,1769544540.0,1.19769,1.19786,1.19778
EUR_USD,1769544545.0,1.19766,1.19783,1.19774
EUR_USD,1769544550.0,1.19767,1.19784,1.19775
EUR_USD,1769544555.0,1.19768,1.19783,1.19775
EUR_USD,1769544560.0,1.19770,1.19786,1.19778
EUR_USD,1769544565.0,1.19771,1.19788,1.19780
EUR_USD,1769544570.0,1.19774,1.19790,1.19782
EUR_USD,1769544575.0,1.19774,1.19790,1.19782
EUR_USD,1769544580.0,1.19778,1.19795,1.19787
EUR_USD,1769544585.0,1.19780,1.19797,1.19788
EUR_USD,1769544590.0,1.19783,1.19798,1.19790
EUR_USD,1769544595.0,1.19782,1.19797,1.19789
EUR_USD,1769544600.0,1.19780,1.19796,1.19788
EUR_USD,1769544605.0,1.19784,1.19801,1.19793
EUR_USD,1769544610.0,1.19785,1.19801,1.19793
EUR_USD,1769544615.0,1.19785,1.19801,1.19793
EUR_USD,1769544620.0,1.19786,1.19803,1.19794
EUR_USD,1769544625.0,1.19784,1.19799,1.19792
EUR_USD,1769544630.0,1.19783,1.19799,1.19791
EUR_USD,1769544635.0,1.19785,1.19801,1.19793
EUR_USD,1769544640.0,1.19790,1.19807,1.19799
EUR_USD,1769544645.0,1.19790,1.19806,1.19798
EUR_USD,1769544650.0,1.19791,1.19807,1.19799
EUR_USD,1769544655.0,1.19789,1.19807,1.19798
EUR_USD,1769544660.0,1.19792,1.19807,1.19800
EUR_USD,1769544665.0,1.19795,1.19811,1.19803
EUR_USD,1769544670.0,1.19798,1.19814,1.19806
EUR_USD,1769544675.0,1.19794,1.19811,1.19802
EUR_USD,1769544680.0,1.19798,1.19815,1.19807
EUR_USD,1769544685.0,1.19800,1.19815,1.19808
EUR_USD,1769544690.0,1.19794,1.19811,1.19802
EUR_USD,1769544695.0,1.19794,1.19810,1.19802
EUR_USD,1769544700.0,1.19797,1.19812,1.19805
EUR_USD,1769544705.0,1.19792,1.19807,1.19800
EUR_USD,1769544710.0,1.19793,1.19809,1.19801
EUR_USD,1769544715.0,1.19794,1.19810,1.19802
EUR_USD,1769544720.0,1.19795,1.19812,1.19803
EUR_USD,1769544725.0,1.19795,1.19812,1.19803
EUR_USD,1769544730.0,1.19795,1.19811,1.19803
EUR_USD,1769544735.0,1.19794,1.19810,1.19802
EUR_USD,1769544740.0,1.19792,1.19808,1.19800
EUR_USD,1769544745.0,1.19783,1.19800,1.19792
EUR_USD,1769544750.0,1.19783,1.19800,1.19792
EUR_USD,1769544755.0,1.19773,1.19791,1.19782
EUR_USD,1769544760.0,1.19775,1.19792,1.19783
EUR_USD,1769544765.0,1.19775,1.19792,1.19783
EUR_USD,1769544770.0,1.19778,1.19795,1.19787
EUR_USD,1769544775.0,1.19768,1.19786,1.19777
EUR_USD,1769544780.0,1.19770,1.19787,1.19779
EUR_USD,1769544785.0,1.19773,1.19791,1.19782
EUR_USD,1769544790.0,1.19765,1.19782,1.19774
EUR_USD,1769544795.0,1.19764,1.19781,1.19773
EUR_USD,1769544800.0,1.19763,1.19780,1.19772
EUR_USD,1769544805.0,1.19771,1.19788,1.19780
EUR_USD,1769544810.0,1.19774,1.19792,1.19783
EUR_USD,1769544815.0,1.19779,1.19796,1.19787
EUR_USD,1769544820.0,1.19778,1.19796,1.19787
EUR_USD,1769544825.0,1.19778,1.19796,1.19787
EUR_USD,1769544830.0,1.19778,1.19796,1.19787
EUR_USD,1769544835.0,1.19779,1.19796,1.19787
EUR_USD,1769544840.0,1.19776,1.19791,1.19783
EUR_USD,1769544845.0,1.19778,1.19794,1.19786
EUR_USD,1769544850.0,1.19778,1.19795,1.19787
EUR_USD,1769544855.0,1.19788,1.19805,1.19796
EUR_USD,1769544860.0,1.19788,1.19805,1.19796
EUR_USD,1769544865.0,1.19790,1.19806,1.19798
EUR_USD,1769544870.0,1.19789,1.19806,1.19798
EUR_USD,1769544875.0,1.19787,1.19804,1.19795
EUR_USD,1769544880.0,1.19790,1.19806,1.19798
EUR_USD,1769544885.0,1.19790,1.19805,1.19798
EUR_USD,1769544890.0,1.19792,1.19806,1.19799
EUR_USD,1769544895.0,1.19788,1.19804,1.19796
EUR_USD,1769544900.0,1.19790,1.19806,1.19798
EUR_USD,1769544905.0,1.19796,1.19811,1.19803
EUR_USD,1769544910.0,1.19797,1.19813,1.19805
EUR_USD,1769544915.0,1.19796,1.19812,1.19804
EUR_USD,1769544920.0,1.19797,1.19813,1.19805
EUR_USD,1769544925.0,1.19797,1.19813,1.19805
EUR_USD,1769544930.0,1.19797,1.19811,1.19804
EUR_USD,1769544935.0,1.19797,1.19811,1.19804
EUR_USD,1769544940.0,1.19798,1.19812,1.19805
EUR_USD,1769544945.0,1.19799,1.19815,1.19807
EUR_USD,1769544950.0,1.19800,1.19815,1.19808
EUR_USD,1769544955.0,1.19801,1.19815,1.19808
EUR_USD,1769544960.0,1.19801,1.19815,1.19808
EUR_USD,1769544965.0,1.19800,1.19814,1.19807
EUR_USD,1769544970.0,1.19800,1.19815,1.19808
EUR_USD,1769544975.0,1.19800,1.19816,1.19808
EUR_USD,1769544980.0,1.19812,1.19827,1.19820
EUR_USD,1769544985.0,1.19816,1.19832,1.19824
EUR_USD,1769544990.0,1.19814,1.19829,1.19822
EUR_USD,1769544995.0,1.19819,1.19835,1.19827
EUR_USD,1769545000.0,1.19820,1.19835,1.19827
EUR_USD,1769545005.0,1.19818,1.19833,1.19826
EUR_USD,1769545010.0,1.19819,1.19834,1.19827
EUR_USD,1769545015.0,1.19821,1.19836,1.19829
EUR_USD,1769545020.0,1.19811,1.19827,1.19819
EUR_USD,1769545025.0,1.19812,1.19827,1.19820
EUR_USD,1769545030.0,1.19814,1.19829,1.19822
EUR_USD,1769545035.0,1.19816,1.19832,1.19824
EUR_USD,1769545040.0,1.19810,1.19826,1.19818
EUR_USD,1769545045.0,1.19807,1.19823,1.19815
EUR_USD,1769545050.0,1.19806,1.19821,1.19813
EUR_USD,1769545055.0,1.19801,1.19818,1.19809
EUR_USD,1769545060.0,1.19802,1.19817,1.19809
EUR_USD,1769545065.0,1.19805,1.19821,1.19813
EUR_USD,1769545070.0,1.19809,1.19826,1.19817
EUR_USD,1769545075.0,1.19808,1.19825,1.19816
EUR_USD,1769545080.0,1.19807,1.19824,1.19815
EUR_USD,1769545085.0,1.19807,1.19823,1.19815
EUR_USD,1769545090.0,1.19807,1.19823,1.19815
EUR_USD,1769545095.0,1.19805,1.19821,1.19813
EUR_USD,1769545100.0,1.19808,1.19825,1.19816
EUR_USD,1769545105.0,1.19825,1.19840,1.19833
EUR_USD,1769545110.0,1.19826,1.19841,1.19834
EUR_USD,1769545115.0,1.19825,1.19841,1.19833
EUR_USD,1769545120.0,1.19823,1.19838,1.19830
EUR_USD,1769545125.0,1.19822,1.19837,1.19829
EUR_USD,1769545130.0,1.19822,1.19838,1.19830
EUR_USD,1769545135.0,1.19822,1.19838,1.19830
EUR_USD,1769545140.0,1.19819,1.19835,1.19827
EUR_USD,1769545145.0,1.19819,1.19836,1.19828
EUR_USD,1769545150.0,1.19820,1.19836,1.19828
EUR_USD,1769545155.0,1.19817,1.19834,1.19826
EUR_USD,1769545160.0,1.19817,1.19833,1.19825
EUR_USD,1769545165.0,1.19825,1.19841,1.19833
EUR_USD,1769545170.0,1.19826,1.19841,1.19834
EUR_USD,1769545175.0,1.19828,1.19844,1.19836
EUR_USD,1769545180.0,1.19828,1.19844,1.19836
EUR_USD,1769545185.0,1.19825,1.19841,1.19833
EUR_USD,1769545190.0,1.19824,1.19839,1.19832
EUR_USD,1769545195.0,1.19824,1.19840,1.19832
EUR_USD,1769545200.0,1.19824,1.19840,1.19832
EUR_USD,1769545205.0,1.19824,1.19840,1.19832
EUR_USD,1769545210.0,1.19825,1.19841,1.19833
EUR_USD,1769545215.0,1.19825,1.19841,1.19833
EUR_USD,1769545220.0,1.19830,1.19845,1.19837
EUR_USD,1769545225.0,1.19831,1.19846,1.19839
EUR_USD,1769545230.0,1.19830,1.19846,1.19838
EUR_USD,1769545235.0,1.19840,1.19855,1.19847
EUR_USD,1769545240.0,1.19844,1.19860,1.19852
EUR_USD,1769545245.0,1.19849,1.19865,1.19857
EUR_USD,1769545250.0,1.19853,1.19868,1.19861
EUR_USD,1769545255.0,1.19852,1.19869,1.19861
EUR_USD,1769545260.0,1.19854,1.19870,1.19862
EUR_USD,1769545265.0,1.19857,1.19874,1.19866
EUR_USD,1769545270.0,1.19855,1.19872,1.19863
EUR_USD,1769545275.0,1.19858,1.19872,1.19865
EUR_USD,1769545280.0,1.19855,1.19869,1.19862
EUR_USD,1769545285.0,1.19851,1.19866,1.19859
EUR_USD,1769545290.0,1.19857,1.19873,1.19865
EUR_USD,1769545295.0,1.19852,1.19868,1.19860
EUR_USD,1769545300.0,1.19847,1.19863,1.19855
EUR_USD,1769545305.0,1.19848,1.19862,1.19855
EUR_USD,1769545310.0,1.19848,1.19862,1.19855
EUR_USD,1769545315.0,1.19849,1.19864,1.19856
EUR_USD,1769545320.0,1.19863,1.19879,1.19871
EUR_USD,1769545325.0,1.19861,1.19876,1.19869
EUR_USD,1769545330.0,1.19872,1.19888,1.19880
EUR_USD,1769545335.0,1.19866,1.19882,1.19874
EUR_USD,1769545340.0,1.19882,1.19897,1.19890
EUR_USD,1769545345.0,1.19895,1.19909,1.19902
EUR_USD,1769545350.0,1.19891,1.19907,1.19899
EUR_USD,1769545355.0,1.19893,1.19909,1.19901
EUR_USD,1769545360.0,1.19893,1.19907,1.19900
EUR_USD,1769545365.0,1.19892,1.19906,1.19899
EUR_USD,1769545370.0,1.19896,1.19912,1.19904
EUR_USD,1769545375.0,1.19897,1.19912,1.19904
EUR_USD,1769545380.0,1.19894,1.19909,1.19901
EUR_USD,1769545385.0,1.19888,1.19903,1.19895
EUR_USD,1769545390.0,1.19884,1.19899,1.19891
EUR_USD,1769545395.0,1.19873,1.19889,1.19881
EUR_USD,1769545400.0,1.19867,1.19882,1.19874
EUR_USD,1769545405.0,1.19883,1.19899,1.19891
EUR_USD,1769545410.0,1.19883,1.19898,1.19890
EUR_USD,1769545415.0,1.19886,1.19901,1.19894
EUR_USD,1769545420.0,1.19881,1.19898,1.19889
EUR_USD,1769545425.0,1.19878,1.19894,1.19886
EUR_USD,1769545430.0,1.19881,1.19896,1.19888
EUR_USD,1769545435.0,1.19881,1.19896,1.19888
EUR_USD,1769545440.0,1.19883,1.19899,1.19891
EUR_USD,1769545445.0,1.19881,1.19896,1.19888
EUR_USD,1769545450.0,1.19887,1.19903,1.19895
EUR_USD,1769545455.0,1.19886,1.19902,1.19894
EUR_USD,1769545460.0,1.19886,1.19901,1.19894
EUR_USD,1769545465.0,1.19888,1.19905,1.19896
EUR_USD,1769545470.0,1.19891,1.19907,1.19899
EUR_USD,1769545475.0,1.19889,1.19906,1.19897
EUR_USD,1769545480.0,1.19889,1.19906,1.19897
EUR_USD,1769545485.0,1.19886,1.19902,1.19894
EUR_USD,1769545490.0,1.19886,1.19903,1.19895
EUR_USD,1769545495.0,1.19887,1.19904,1.19896
EUR_USD,1769545500.0,1.19896,1.19912,1.19904
EUR_USD,1769545505.0,1.19891,1.19907,1.19899
EUR_USD,1769545510.0,1.19893,1.19909,1.19901
EUR_USD,1769545515.0,1.19887,1.19904,1.19896
EUR_USD,1769545520.0,1.19891,1.19907,1.19899
EUR_USD,1769545525.0,1.19889,1.19904,1.19897
EUR_USD,1769545530.0,1.19886,1.19902,1.19894
EUR_USD,1769545535.0,1.19889,1.19905,1.19897
EUR_USD,1769545540.0,1.19891,1.19907,1.19899
EUR_USD,1769545545.0,1.19890,1.19906,1.19898
EUR_USD,1769545550.0,1.19890,1.19906,1.19898
EUR_USD,1769545555.0,1.19901,1.19916,1.19908
EUR_USD,1769545560.0,1.19898,1.19914,1.19906
EUR_USD,1769545565.0,1.19900,1.19916,1.19908
EUR_USD,1769545570.0,1.19895,1.19911,1.19903
EUR_USD,1769545575.0,1.19894,1.19910,1.19902
EUR_USD,1769545580.0,1.19895,1.19910,1.19903
EUR_USD,1769545585.0,1.19895,1.19910,1.19903
EUR_USD,1769545590.0,1.19895,1.19912,1.19903
EUR_USD,1769545595.0,1.19896,1.19911,1.19903
EUR_USD,1769545600.0,1.19896,1.19912,1.19904
EUR_USD,1769545605.0,1.19891,1.19907,1.19899
EUR_USD,1769545610.0,1.19896,1.19912,1.19904
EUR_USD,1769545615.0,1.19894,1.19910,1.19902
EUR_USD,1769545620.0,1.19895,1.19910,1.19903
EUR_USD,1769545625.0,1.19899,1.19916,1.19908
EUR_USD,1769545630.0,1.19899,1.19915,1.19907
EUR_USD,1769545635.0,1.19899,1.19915,1.19907
EUR_USD,1769545640.0,1.19899,1.19915,1.19907
EUR_USD,1769545645.0,1.19898,1.19914,1.19906
EUR_USD,1769545650.0,1.19899,1.19914,1.19907
EUR_USD,1769545655.0,1.19899,1.19916,1.19908
EUR_USD,1769545660.0,1.19901,1.19916,1.19908
EUR_USD,1769545665.0,1.19895,1.19912,1.19903
EUR_USD,1769545670.0,1.19900,1.19916,1.19908
EUR_USD,1769545675.0,1.19900,1.19916,1.19908
EUR_USD,1769545680.0,1.19900,1.19916,1.19908
EUR_USD,1769545685.0,1.19899,1.19915,1.19907
EUR_USD,1769545690.0,1.19899,1.19915,1.19907
EUR_USD,1769545695.0,1.19899,1.19915,1.19907
EUR_USD,1769545700.0,1.19902,1.19917,1.19910
EUR_USD,1769545705.0,1.19902,1.19918,1.19910
EUR_USD,1769545710.0,1.19902,1.19917,1.19910
EUR_USD,1769545715.0,1.19899,1.19914,1.19907
EUR_USD,1769545720.0,1.19900,1.19916,1.19908
EUR_USD,1769545725.0,1.19897,1.19911,1.19904
EUR_USD,1769545730.0,1.19896,1.19912,1.19904
EUR_USD,1769545735.0,1.19892,1.19907,1.19900
EUR_USD,1769545740.0,1.19896,1.19911,1.19903
EUR_USD,1769545745.0,1.19896,1.19911,1.19903
EUR_USD,1769545750.0,1.19899,1.19915,1.19907
EUR_USD,1769545755.0,1.19899,1.19915,1.19907
EUR_USD,1769545760.0,1.19898,1.19914,1.19906
EUR_USD,1769545765.0,1.19898,1.19914,1.19906
EUR_USD,1769545770.0,1.19900,1.19916,1.19908
EUR_USD,1769545775.0,1.19900,1.19916,1.19908
EUR_USD,1769545780.0,1.19900,1.19916,1.19908
EUR_USD,1769545785.0,1.19901,1.19915,1.19908
EUR_USD,1769545790.0,1.19896,1.19911,1.19903
EUR_USD,1769545795.0,1.19892,1.19908,1.19900
EUR_USD,1769545800.0,1.19884,1.19901,1.19893
EUR_USD,1769545805.0,1.19886,1.19901,1.19894
EUR_USD,1769545810.0,1.19885,1.19902,1.19894
EUR_USD,1769545815.0,1.19886,1.19901,1.19894
EUR_USD,1769545820.0,1.19879,1.19897,1.19888
EUR_USD,1769545825.0,1.19885,1.19902,1.19894
EUR_USD,1769545830.0,1.19885,1.19902,1.19894
EUR_USD,1769545835.0,1.19879,1.19898,1.19888
EUR_USD,1769545840.0,1.19877,1.19893,1.19885
EUR_USD,1769545845.0,1.19877,1.19893,1.19885
EUR_USD,1769545850.0,1.19877,1.19891,1.19884
EUR_USD,1769545855.0,1.19872,1.19886,1.19879
EUR_USD,1769545860.0,1.19871,1.19886,1.19878
EUR_USD,1769545865.0,1.19866,1.19882,1.19874
EUR_USD,1769545870.0,1.19868,1.19883,1.19876
EUR_USD,1769545875.0,1.19873,1.19888,1.19881
EUR_USD,1769545880.0,1.19866,1.19881,1.19874
EUR_USD,1769545885.0,1.19865,1.19881,1.19873
EUR_USD,1769545890.0,1.19863,1.19879,1.19871
EUR_USD,1769545895.0,1.19863,1.19878,1.19870
EUR_USD,1769545900.0,1.19861,1.19877,1.19869
EUR_USD,1769545905.0,1.19860,1.19876,1.19868
EUR_USD,1769545910.0,1.19862,1.19879,1.19870
EUR_USD,1769545915.0,1.19861,1.19877,1.19869
EUR_USD,1769545920.0,1.19868,1.19883,1.19876
EUR_USD,1769545925.0,1.19863,1.19878,1.19870
EUR_USD,1769545930.0,1.19862,1.19876,1.19869
EUR_USD,1769545935.0,1.19860,1.19875,1.19868
EUR_USD,1769545940.0,1.19858,1.19873,1.19866
EUR_USD,1769545945.0,1.19859,1.19875,1.19867
EUR_USD,1769545950.0,1.19852,1.19867,1.19860
EUR_USD,1769545955.0,1.19849,1.19863,1.19856
EUR_USD,1769545960.0,1.19849,1.19863,1.19856
EUR_USD,1769545965.0,1.19856,1.19873,1.19864
EUR_USD,1769545970.0,1.19858,1.19873,1.19866
EUR_USD,1769545975.0,1.19860,1.19877,1.19869
EUR_USD,1769545980.0,1.19853,1.19869,1.19861
EUR_USD,1769545985.0,1.19854,1.19869,1.19861
EUR_USD,1769545990.0,1.19854,1.19870,1.19862
EUR_USD,1769545995.0,1.19853,1.19869,1.19861
EUR_USD,1769546000.0,1.19852,1.19867,1.19860
EUR_USD,1769546005.0,1.19858,1.19874,1.19866
EUR_USD,1769546010.0,1.19857,1.19872,1.19864
EUR_USD,1769546015.0,1.19857,1.19872,1.19864
EUR_USD,1769546020.0,1.19854,1.19869,1.19861
EUR_USD,1769546025.0,1.19857,1.19872,1.19864
EUR_USD,1769546030.0,1.19853,1.19868,1.19861
EUR_USD,1769546035.0,1.19852,1.19867,1.19860
EUR_USD,1769546040.0,1.19852,1.19867,1.19860
EUR_USD,1769546045.0,1.19854,1.19871,1.19862
EUR_USD,1769546050.0,1.19854,1.19869,1.19861
EUR_USD,1769546055.0,1.19854,1.19870,1.19862
EUR_USD,1769546060.0,1.19852,1.19867,1.19860
EUR_USD,1769546065.0,1.19857,1.19873,1.19865
EUR_USD,1769546070.0,1.19859,1.19873,1.19866
EUR_USD,1769546075.0,1.19862,1.19876,1.19869
EUR_USD,1769546080.0,1.19860,1.19874,1.19867
EUR_USD,1769546085.0,1.19862,1.19877,1.19869
EUR_USD,1769546090.0,1.19864,1.19879,1.19871
EUR_USD,1769546095.0,1.19864,1.19879,1.19871
EUR_USD,1769546100.0,1.19859,1.19874,1.19867
EUR_USD,1769546105.0,1.19865,1.19882,1.19874
EUR_USD,1769546110.0,1.19864,1.19881,1.19873
EUR_USD,1769546115.0,1.19866,1.19881,1.19874
EUR_USD,1769546120.0,1.19864,1.19879,1.19871
EUR_USD,1769546125.0,1.19859,1.19874,1.19867
EUR_USD,1769546130.0,1.19856,1.19872,1.19864
EUR_USD,1769546135.0,1.19854,1.19871,1.19862
EUR_USD,1769546140.0,1.19856,1.19872,1.19864
EUR_USD,1769546145.0,1.19859,1.19875,1.19867
EUR_USD,1769546150.0,1.19864,1.19880,1.19872
EUR_USD,1769546155.0,1.19862,1.19876,1.19869
EUR_USD,1769546160.0,1.19862,1.19876,1.19869
EUR_USD,1769546165.0,1.19858,1.19873,1.19866
EUR_USD,1769546170.0,1.19859,1.19873,1.19866
EUR_USD,1769546175.0,1.19860,1.19875,1.19868
EUR_USD,1769546180.0,1.19863,1.19878,1.19870
EUR_USD,1769546185.0,1.19858,1.19873,1.19866
EUR_USD,1769546190.0,1.19858,1.19873,1.19866
EUR_USD,1769546195.0,1.19857,1.19872,1.19864
EUR_USD,1769546200.0,1.19857,1.19872,1.19864
EUR_USD,1769546205.0,1.19857,1.19872,1.19864
EUR_USD,1769546210.0,1.19855,1.19872,1.19863
EUR_USD,1769546215.0,1.19856,1.19872,1.19864
EUR_USD,1769546220.0,1.19854,1.19869,1.19861
EUR_USD,1769546225.0,1.19854,1.19869,1.19861
EUR_USD,1769546230.0,1.19854,1.19869,1.19861
EUR_USD,1769546235.0,1.19854,1.19869,1.19861
EUR_USD,1769546240.0,1.19851,1.19868,1.19860
EUR_USD,1769546245.0,1.19851,1.19868,1.19860
EUR_USD,1769546250.0,1.19851,1.19867,1.19859
EUR_USD,1769546255.0,1.19841,1.19857,1.19849
EUR_USD,1769546260.0,1.19839,1.19855,1.19847
EUR_USD,1769546265.0,1.19838,1.19855,1.19847
EUR_USD,1769546270.0,1.19835,1.19852,1.19843
EUR_USD,1769546275.0,1.19836,1.19852,1.19844
EUR_USD,1769546280.0,1.19836,1.19852,1.19844
EUR_USD,1769546285.0,1.19835,1.19852,1.19843
EUR_USD,1769546290.0,1.19832,1.19847,1.19840
EUR_USD,1769546295.0,1.19832,1.19848,1.19840
EUR_USD,1769546300.0,1.19827,1.19844,1.19835
EUR_USD,1769546305.0,1.19829,1.19845,1.19837
EUR_USD,1769546310.0,1.19829,1.19845,1.19837
EUR_USD,1769546315.0,1.19831,1.19848,1.19840
EUR_USD,1769546320.0,1.19836,1.19854,1.19845
EUR_USD,1769546325.0,1.19835,1.19851,1.19843
EUR_USD,1769546330.0,1.19825,1.19842,1.19834
EUR_USD,1769546335.0,1.19820,1.19837,1.19828
EUR_USD,1769546340.0,1.19819,1.19835,1.19827
EUR_USD,1769546345.0,1.19810,1.19825,1.19817
EUR_USD,1769546350.0,1.19804,1.19820,1.19812
EUR_USD,1769546355.0,1.19805,1.19822,1.19814
EUR_USD,1769546360.0,1.19810,1.19826,1.19818
EUR_USD,1769546365.0,1.19810,1.19826,1.19818
EUR_USD,1769546370.0,1.19810,1.19827,1.19819
EUR_USD,1769546375.0,1.19810,1.19825,1.19817
EUR_USD,1769546380.0,1.19810,1.19826,1.19818
EUR_USD,1769546385.0,1.19811,1.19826,1.19819
EUR_USD,1769546390.0,1.19808,1.19824,1.19816
EUR_USD,1769546395.0,1.19809,1.19823,1.19816
EUR_USD,1769546400.0,1.19808,1.19824,1.19816
EUR_USD,1769546405.0,1.19799,1.19816,1.19808
EUR_USD,1769546410.0,1.19800,1.19817,1.19808
EUR_USD,1769546415.0,1.19805,1.19822,1.19814
EUR_USD,1769546420.0,1.19803,1.19818,1.19810
EUR_USD,1769546425.0,1.19804,1.19819,1.19812
EUR_USD,1769546430.0,1.19804,1.19821,1.19813
EUR_USD,1769546435.0,1.19805,1.19821,1.19813
EUR_USD,1769546440.0,1.19805,1.19821,1.19813
EUR_USD,1769546445.0,1.19800,1.19816,1.19808
EUR_USD,1769546450.0,1.19794,1.19811,1.19802
EUR_USD,1769546455.0,1.19794,1.19811,1.19802
EUR_USD,1769546460.0,1.19793,1.19809,1.19801
EUR_USD,1769546465.0,1.19793,1.19809,1.19801
EUR_USD,1769546470.0,1.19785,1.19802,1.19794
EUR_USD,1769546475.0,1.19786,1.19802,1.19794
EUR_USD,1769546480.0,1.19783,1.19800,1.19792
EUR_USD,1769546485.0,1.19781,1.19797,1.19789
EUR_USD,1769546490.0,1.19782,1.19798,1.19790
EUR_USD,1769546495.0,1.19781,1.19798,1.19789
EUR_USD,1769546500.0,1.19780,1.19796,1.19788
EUR_USD,1769546505.0,1.19780,1.19797,1.19788
EUR_USD,1769546510.0,1.19784,1.19801,1.19793
EUR_USD,1769546515.0,1.19790,1.19808,1.19799
EUR_USD,1769546520.0,1.19791,1.19808,1.19800
EUR_USD,1769546525.0,1.19791,1.19807,1.19799
EUR_USD,1769546530.0,1.19791,1.19807,1.19799
EUR_USD,1769546535.0,1.19791,1.19808,1.19800
EUR_USD,1769546540.0,1.19791,1.19806,1.19799
EUR_USD,1769546545.0,1.19789,1.19806,1.19798
EUR_USD,1769546550.0,1.19796,1.19813,1.19805
EUR_USD,1769546555.0,1.19798,1.19814,1.19806
EUR_USD,1769546560.0,1.19800,1.19816,1.19808
EUR_USD,1769546565.0,1.19800,1.19816,1.19808
EUR_USD,1769546570.0,1.19795,1.19811,1.19803
EUR_USD,1769546575.0,1.19791,1.19808,1.19800
EUR_USD,1769546580.0,1.19785,1.19802,1.19794
EUR_USD,1769546585.0,1.19784,1.19800,1.19792
EUR_USD,1769546590.0,1.19785,1.19801,1.19793
EUR_USD,1769546595.0,1.19849,1.19868,1.19859
EUR_USD,1769546600.0,1.19847,1.19865,1.19856
EUR_USD,1769546605.0,1.19833,1.19851,1.19842
EUR_USD,1769546610.0,1.19829,1.19847,1.19838
EUR_USD,1769546615.0,1.19827,1.19844,1.19835
EUR_USD,1769546620.0,1.19830,1.19848,1.19839
EUR_USD,1769546625.0,1.19810,1.19829,1.19820
EUR_USD,1769546630.0,1.19798,1.19816,1.19807
EUR_USD,1769546635.0,1.19772,1.19791,1.19781
EUR_USD,1769546640.0,1.19747,1.19763,1.19755
EUR_USD,1769546645.0,1.19763,1.19781,1.19772
EUR_USD,1769546650.0,1.19738,1.19753,1.19746
EUR_USD,1769546655.0,1.19730,1.19748,1.19739
EUR_USD,1769546660.0,1.19754,1.19776,1.19765
EUR_USD,1769546665.0,1.19755,1.19772,1.19764
EUR_USD,1769546670.0,1.19808,1.19827,1.19817
EUR_USD,1769546675.0,1.19862,1.19877,1.19869
EUR_USD,1769546680.0,1.19838,1.19853,1.19846
EUR_USD,1769546685.0,1.19832,1.19848,1.19840
EUR_USD,1769546690.0,1.19821,1.19836,1.19829
EUR_USD,1769546695.0,1.19839,1.19855,1.19847
EUR_USD,1769546700.0,1.19861,1.19881,1.19871
EUR_USD,1769546705.0,1.19895,1.19912,1.19903
EUR_USD,1769546710.0,1.19918,1.19935,1.19927
EUR_USD,1769546715.0,1.19927,1.19944,1.19936
EUR_USD,1769546720.0,1.19953,1.19970,1.19962
EUR_USD,1769546725.0,1.19957,1.19975,1.19966
EUR_USD,1769546730.0,1.19962,1.19980,1.19971
EUR_USD,1769546735.0,1.19955,1.19972,1.19963
EUR_USD,1769546740.0,1.19943,1.19963,1.19953
EUR_USD,1769546745.0,1.19966,1.19982,1.19974
EUR_USD,1769546750.0,1.19970,1.19986,1.19978
EUR_USD,1769546755.0,1.19972,1.19989,1.19981
EUR_USD,1769546760.0,1.19963,1.19982,1.19972
EUR_USD,1769546765.0,1.19983,1.20002,1.19992
EUR_USD,1769546770.0,1.19979,1.19996,1.19988
EUR_USD,1769546775.0,1.20041,1.20063,1.20052
EUR_USD,1769546780.0,1.20038,1.20054,1.20046
EUR_USD,1769546785.0,1.20074,1.20093,1.20084
EUR_USD,1769546790.0,1.20136,1.20151,1.20144
EUR_USD,1769546795.0,1.20136,1.20153,1.20145
EUR_USD,1769546800.0,1.20103,1.20120,1.20112
EUR_USD,1769546805.0,1.20137,1.20153,1.20145
EUR_USD,1769546810.0,1.20125,1.20143,1.20134
EUR_USD,1769546815.0,1.20212,1.20230,1.20221
EUR_USD,1769546820.0,1.20225,1.20242,1.20234
EUR_USD,1769546825.0,1.20288,1.20307,1.20297
EUR_USD,1769546830.0,1.20284,1.20307,1.20295
EUR_USD,1769546835.0,1.20289,1.20311,1.20300
EUR_USD,1769546840.0,1.20310,1.20330,1.20320
EUR_USD,1769546845.0,1.20310,1.20329,1.20320
EUR_USD,1769546850.0,1.20337,1.20355,1.20346
EUR_USD,1769546855.0,1.20321,1.20343,1.20332
EUR_USD,1769546860.0,1.20292,1.20313,1.20303
EUR_USD,1769546865.0,1.20321,1.20341,1.20331
EUR_USD,1769546870.0,1.20298,1.20318,1.20308
EUR_USD,1769546875.0,1.20329,1.20355,1.20342
EUR_USD,1769546880.0,1.20362,1.20380,1.20371
EUR_USD,1769546885.0,1.20410,1.20436,1.20423
EUR_USD,1769546890.0,1.20377,1.20396,1.20386
EUR_USD,1769546895.0,1.20389,1.20410,1.20399
EUR_USD,1769546900.0,1.20477,1.20509,1.20493
EUR_USD,1769546905.0,1.20542,1.20567,1.20554
EUR_USD,1769546910.0,1.20612,1.20631,1.20622
EUR_USD,1769546915.0,1.20638,1.20663,1.20650
EUR_USD,1769546920.0,1.20683,1.20715,1.20699
EUR_USD,1769546925.0,1.20698,1.20718,1.20708
EUR_USD,1769546930.0,1.20808,1.20837,1.20823
EUR_USD,1769546935.0,1.20746,1.20766,1.20756
