instrument,ts,bid,ask,mid
EUR_USD,1769532540.0,1.19828,1.19846,1.19837
EUR_USD,1769532545.0,1.19824,1.19839,1.19832
EUR_USD,1769532550.0,1.19826,1.19842,1.19834
EUR_USD,1769532555.0,1.19819,1.19835,1.19827
EUR_USD,1769532560.0,1.19816,1.19832,1.19824
EUR_USD,1769532565.0,1.19817,1.19833,1.19825
EUR_USD,1769532570.0,1.19816,1.19832,1.19824
EUR_USD,1769532575.0,1.19822,1.19839,1.19830
EUR_USD,1769532580.0,1.19824,1.19839,1.19832
EUR_USD,1769532585.0,1.19824,1.19839,1.19832
EUR_USD,1769532590.0,1.19824,1.19839,1.19832
EUR_USD,1769532595.0,1.19821,1.19837,1.19829
EUR_USD,1769532600.0,1.19820,1.19836,1.19828
EUR_USD,1769532605.0,1.19811,1.19827,1.19819
EUR_USD,1769532610.0,1.19810,1.19827,1.19819
EUR_USD,1769532615.0,1.19807,1.19823,1.19815
EUR_USD,1769532620.0,1.19805,1.19820,1.19813
EUR_USD,1769532625.0,1.19796,1.19814,1.19805
EUR_USD,1769532630.0,1.19789,1.19805,1.19797
EUR_USD,1769532635.0,1.19788,1.19804,1.19796
EUR_USD,1769532640.0,1.19790,1.19807,1.19799
EUR_USD,1769532645.0,1.19779,1.19796,1.19787
EUR_USD,1769532650.0,1.19776,1.19793,1.19785
EUR_USD,1769532655.0,1.19768,1.19785,1.19776
EUR_USD,1769532660.0,1.19759,1.19776,1.19767
EUR_USD,1769532665.0,1.19759,1.19775,1.19767
EUR_USD,1769532670.0,1.19760,1.19774,1.19767
EUR_USD,1769532675.0,1.19772,1.19788,1.19780
EUR_USD,1769532680.0,1.19781,1.19796,1.19788
EUR_USD,1769532685.0,1.19779,1.19795,1.19787
EUR_USD,1769532690.0,1.19771,1.19787,1.19779
EUR_USD,1769532695.0,1.19764,1.19780,1.19772
EUR_USD,1769532700.0,1.19761,1.19777,1.19769
EUR_USD,1769532705.0,1.19754,1.19771,1.19762
EUR_USD,1769532710.0,1.19758,1.19774,1.19766
EUR_USD,1769532715.0,1.19760,1.19774,1.19767
EUR_USD,1769532720.0,1.19761,1.19776,1.19768
EUR_USD,1769532725.0,1.19761,1.19777,1.19769
EUR_USD,1769532730.0,1.19760,1.19775,1.19768
EUR_USD,1769532735.0,1.19762,1.19778,1.19770
EUR_USD,1769532740.0,1.19752,1.19769,1.19760
EUR_USD,1769532745.0,1.19749,1.19766,1.19758
EUR_USD,1769532750.0,1.19750,1.19766,1.19758
EUR_USD,1769532755.0,1.19743,1.19759,1.19751
EUR_USD,1769532760.0,1.19743,1.19758,1.19751
EUR_USD,1769532765.0,1.19736,1.19752,1.19744
EUR_USD,1769532770.0,1.19744,1.19759,1.19752
EUR_USD,1769532775.0,1.19744,1.19761,1.19753
EUR_USD,1769532780.0,1.19744,1.19761,1.19753
EUR_USD,1769532785.0,1.19739,1.19754,1.19747
EUR_USD,1769532790.0,1.19739,1.19755,1.19747
EUR_USD,1769532795.0,1.19735,1.19751,1.19743
EUR_USD,1769532800.0,1.19734,1.19751,1.19742
EUR_USD,1769532805.0,1.19735,1.19749,1.19742
EUR_USD,1769532810.0,1.19734,1.19751,1.19742
EUR_USD,1769532815.0,1.19732,1.19748,1.19740
EUR_USD,1769532820.0,1.19738,1.19753,1.19746
EUR_USD,1769532825.0,1.19746,1.19762,1.19754
EUR_USD,1769532830.0,1.19756,1.19772,1.19764
EUR_USD,1769532835.0,1.19754,1.19771,1.19762
EUR_USD,1769532840.0,1.19763,1.19778,1.19771
EUR_USD,1769532845.0,1.19756,1.19772,1.19764
EUR_USD,1769532850.0,1.19748,1.19765,1.19756
EUR_USD,1769532855.0,1.19755,1.19771,1.19763
EUR_USD,1769532860.0,1.19756,1.19771,1.19764
EUR_USD,1769532865.0,1.19753,1.19768,1.19761
EUR_USD,1769532870.0,1.19754,1.19769,1.19761
EUR_USD,1769532875.0,1.19754,1.19769,1.19761
EUR_USD,1769532880.0,1.19751,1.19766,1.19759
EUR_USD,1769532885.0,1.19751,1.19767,1.19759
EUR_USD,1769532890.0,1.19751,1.19767,1.19759
EUR_USD,1769532895.0,1.19754,1.19769,1.19761
EUR_USD,1769532900.0,1.19750,1.19765,1.19758
EUR_USD,1769532905.0,1.19755,1.19771,1.19763
EUR_USD,1769532910.0,1.19754,1.19770,1.19762
EUR_USD,1769532915.0,1.19755,1.19770,1.19762
EUR_USD,1769532920.0,1.19761,1.19776,1.19768
EUR_USD,1769532925.0,1.19767,1.19782,1.19775
EUR_USD,1769532930.0,1.19765,1.19780,1.19773
EUR_USD,1769532935.0,1.19765,1.19781,1.19773
EUR_USD,1769532940.0,1.19748,1.19764,1.19756
EUR_USD,1769532945.0,1.19745,1.19760,1.19752
EUR_USD,1769532950.0,1.19748,1.19762,1.19755
EUR_USD,1769532955.0,1.19748,1.19763,1.19755
EUR_USD,1769532960.0,1.19749,1.19765,1.19757
EUR_USD,1769532965.0,1.19754,1.19770,1.19762
EUR_USD,1769532970.0,1.19749,1.19763,1.19756
EUR_USD,1769532975.0,1.19751,1.19767,1.19759
EUR_USD,1769532980.0,1.19743,1.19759,1.19751
EUR_USD,1769532985.0,1.19744,1.19758,1.19751
EUR_USD,1769532990.0,1.19746,1.19761,1.19754
EUR_USD,1769532995.0,1.19741,1.19757,1.19749
EUR_USD,1769533000.0,1.19750,1.19766,1.19758
EUR_USD,1769533005.0,1.19747,1.19763,1.19755
EUR_USD,1769533010.0,1.19751,1.19767,1.19759
EUR_USD,1769533015.0,1.19753,1.19768,1.19761
EUR_USD,1769533020.0,1.19748,1.19765,1.19756
EUR_USD,1769533025.0,1.19747,1.19764,1.19755
EUR_USD,1769533030.0,1.19751,1.19767,1.19759
EUR_USD,1769533035.0,1.19755,1.19771,1.19763
EUR_USD,1769533040.0,1.19752,1.19767,1.19759
EUR_USD,1769533045.0,1.19746,1.19762,1.19754
EUR_USD,1769533050.0,1.19747,1.19762,1.19754
EUR_USD,1769533055.0,1.19767,1.19785,1.19776
EUR_USD,1769533060.0,1.19767,1.19783,1.19775
EUR_USD,1769533065.0,1.19768,1.19785,1.19776
EUR_USD,1769533070.0,1.19774,1.19791,1.19782
EUR_USD,1769533075.0,1.19779,1.19793,1.19786
EUR_USD,1769533080.0,1.19788,1.19805,1.19796
EUR_USD,1769533085.0,1.19791,1.19808,1.19800
EUR_USD,1769533090.0,1.19802,1.19818,1.19810
EUR_USD,1769533095.0,1.19797,1.19813,1.19805
EUR_USD,1769533100.0,1.19808,1.19824,1.19816
EUR_USD,1769533105.0,1.19800,1.19815,1.19808
EUR_USD,1769533110.0,1.19796,1.19811,1.19803
EUR_USD,1769533115.0,1.19793,1.19809,1.19801
EUR_USD,1769533120.0,1.19788,1.19803,1.19795
EUR_USD,1769533125.0,1.19783,1.19799,1.19791
EUR_USD,1769533130.0,1.19793,1.19808,1.19800
EUR_USD,1769533135.0,1.19792,1.19808,1.19800
EUR_USD,1769533140.0,1.19791,1.19808,1.19800
EUR_USD,1769533145.0,1.19791,1.19807,1.19799
EUR_USD,1769533150.0,1.19784,1.19799,1.19792
EUR_USD,1769533155.0,1.19786,1.19802,1.19794
EUR_USD,1769533160.0,1.19786,1.19801,1.19793
EUR_USD,1769533165.0,1.19779,1.19795,1.19787
EUR_USD,1769533170.0,1.19782,1.19798,1.19790
EUR_USD,1769533175.0,1.19781,1.19797,1.19789
EUR_USD,1769533180.0,1.19787,1.19801,1.19794
EUR_USD,1769533185.0,1.19788,1.19803,1.19795
EUR_USD,1769533190.0,1.19788,1.19803,1.19795
EUR_USD,1769533195.0,1.19785,1.19800,1.19793
EUR_USD,1769533200.0,1.19788,1.19806,1.19797
EUR_USD,1769533205.0,1.19799,1.19816,1.19808
EUR_USD,1769533210.0,1.19791,1.19809,1.19800
EUR_USD,1769533215.0,1.19778,1.19793,1.19786
EUR_USD,1769533220.0,1.19781,1.19798,1.19789
EUR_USD,1769533225.0,1.19775,1.19792,1.19783
EUR_USD,1769533230.0,1.19775,1.19792,1.19783
EUR_USD,1769533235.0,1.19776,1.19793,1.19785
EUR_USD,1769533240.0,1.19776,1.19791,1.19783
EUR_USD,1769533245.0,1.19765,1.19782,1.19774
EUR_USD,1769533250.0,1.19767,1.19782,1.19775
EUR_USD,1769533255.0,1.19769,1.19785,1.19777
EUR_USD,1769533260.0,1.19770,1.19786,1.19778
EUR_USD,1769533265.0,1.19768,1.19784,1.19776
EUR_USD,1769533270.0,1.19770,1.19786,1.19778
EUR_USD,1769533275.0,1.19782,1.19798,1.19790
EUR_USD,1769533280.0,1.19775,1.19792,1.19783
EUR_USD,1769533285.0,1.19777,1.19793,1.19785
EUR_USD,1769533290.0,1.19774,1.19790,1.19782
EUR_USD,1769533295.0,1.19771,1.19787,1.19779
EUR_USD,1769533300.0,1.19773,1.19788,1.19781
EUR_USD,1769533305.0,1.19778,1.19794,1.19786
EUR_USD,1769533310.0,1.19776,1.19793,1.19785
EUR_USD,1769533315.0,1.19787,1.19803,1.19795
EUR_USD,1769533320.0,1.19778,1.19795,1.19787
EUR_USD,1769533325.0,1.19781,1.19797,1.19789
EUR_USD,1769533330.0,1.19776,1.19791,1.19783
EUR_USD,1769533335.0,1.19775,1.19791,1.19783
EUR_USD,1769533340.0,1.19762,1.19777,1.19769
EUR_USD,1769533345.0,1.19755,1.19772,1.19764
EUR_USD,1769533350.0,1.19749,1.19766,1.19758
EUR_USD,1769533355.0,1.19743,1.19760,1.19752
EUR_USD,1769533360.0,1.19734,1.19751,1.19742
EUR_USD,1769533365.0,1.19735,1.19753,1.19744
EUR_USD,1769533370.0,1.19734,1.19751,1.19742
EUR_USD,1769533375.0,1.19734,1.19751,1.19742
EUR_USD,1769533380.0,1.19736,1.19753,1.19745
EUR_USD,1769533385.0,1.19746,1.19763,1.19754
EUR_USD,1769533390.0,1.19744,1.19761,1.19753
EUR_USD,1769533395.0,1.19739,1.19756,1.19747
EUR_USD,1769533400.0,1.19734,1.19749,1.19741
EUR_USD,1769533405.0,1.19734,1.19750,1.19742
EUR_USD,1769533410.0,1.19745,1.19761,1.19753
EUR_USD,1769533415.0,1.19748,1.19765,1.19756
EUR_USD,1769533420.0,1.19746,1.19763,1.19754
EUR_USD,1769533425.0,1.19745,1.19762,1.19753
EUR_USD,1769533430.0,1.19745,1.19762,1.19753
EUR_USD,1769533435.0,1.19749,1.19766,1.19758
EUR_USD,1769533440.0,1.19752,1.19769,1.19760
EUR_USD,1769533445.0,1.19764,1.19781,1.19773
EUR_USD,1769533450.0,1.19774,1.19791,1.19782
EUR_USD,1769533455.0,1.19778,1.19795,1.19787
EUR_USD,1769533460.0,1.19779,1.19797,1.19788
EUR_USD,1769533465.0,1.19782,1.19799,1.19790
EUR_USD,1769533470.0,1.19788,1.19804,1.19796
EUR_USD,1769533475.0,1.19785,1.19801,1.19793
EUR_USD,1769533480.0,1.19799,1.19815,1.19807
EUR_USD,1769533485.0,1.19794,1.19811,1.19802
EUR_USD,1769533490.0,1.19800,1.19815,1.19808
EUR_USD,1769533495.0,1.19811,1.19827,1.19819
EUR_USD,1769533500.0,1.19826,1.19843,1.19835
EUR_USD,1769533505.0,1.19825,1.19841,1.19833
EUR_USD,1769533510.0,1.19803,1.19820,1.19812
EUR_USD,1769533515.0,1.19799,1.19815,1.19807
EUR_USD,1769533520.0,1.19802,1.19819,1.19810
EUR_USD,1769533525.0,1.19798,1.19815,1.19807
EUR_USD,1769533530.0,1.19801,1.19817,1.19809
EUR_USD,1769533535.0,1.19799,1.19815,1.19807
EUR_USD,1769533540.0,1.19795,1.19811,1.19803
EUR_USD,1769533545.0,1.19792,1.19808,1.19800
EUR_USD,1769533550.0,1.19790,1.19806,1.19798
EUR_USD,1769533555.0,1.19793,1.19808,1.19800
EUR_USD,1769533560.0,1.19791,1.19807,1.19799
EUR_USD,1769533565.0,1.19791,1.19807,1.19799
EUR_USD,1769533570.0,1.19791,1.19807,1.19799
EUR_USD,1769533575.0,1.19795,1.19811,1.19803
EUR_USD,1769533580.0,1.19796,1.19810,1.19803
EUR_USD,1769533585.0,1.19795,1.19811,1.19803
EUR_USD,1769533590.0,1.19795,1.19810,1.19802
EUR_USD,1769533595.0,1.19795,1.19811,1.19803
EUR_USD,1769533600.0,1.19789,1.19804,1.19796
EUR_USD,1769533605.0,1.19789,1.19805,1.19797
EUR_USD,1769533610.0,1.19788,1.19804,1.19796
EUR_USD,1769533615.0,1.19786,1.19803,1.19794
EUR_USD,1769533620.0,1.19777,1.19793,1.19785
EUR_USD,1769533625.0,1.19775,1.19791,1.19783
EUR_USD,1769533630.0,1.19778,1.19793,1.19786
EUR_USD,1769533635.0,1.19793,1.19810,1.19801
EUR_USD,1769533640.0,1.19792,1.19809,1.19801
EUR_USD,1769533645.0,1.19792,1.19809,1.19801
EUR_USD,1769533650.0,1.19790,1.19806,1.19798
EUR_USD,1769533655.0,1.19791,1.19808,1.19800
EUR_USD,1769533660.0,1.19785,1.19802,1.19794
EUR_USD,1769533665.0,1.19783,1.19800,1.19792
EUR_USD,1769533670.0,1.19783,1.19800,1.19792
EUR_USD,1769533675.0,1.19782,1.19798,1.19790
EUR_USD,1769533680.0,1.19782,1.19797,1.19789
EUR_USD,1769533685.0,1.19774,1.19790,1.19782
EUR_USD,1769533690.0,1.19777,1.19792,1.19785
EUR_USD,1769533695.0,1.19781,1.19796,1.19788
EUR_USD,1769533700.0,1.19782,1.19798,1.19790
EUR_USD,1769533705.0,1.19768,1.19784,1.19776
EUR_USD,1769533710.0,1.19747,1.19764,1.19755
EUR_USD,1769533715.0,1.19755,1.19772,1.19764
EUR_USD,1769533720.0,1.19764,1.19779,1.19772
EUR_USD,1769533725.0,1.19753,1.19768,1.19761
EUR_USD,1769533730.0,1.19748,1.19763,1.19755
EUR_USD,1769533735.0,1.19749,1.19765,1.19757
EUR_USD,1769533740.0,1.19740,1.19756,1.19748
EUR_USD,1769533745.0,1.19734,1.19750,1.19742
EUR_USD,1769533750.0,1.19738,1.19754,1.19746
EUR_USD,1769533755.0,1.19733,1.19750,1.19741
EUR_USD,1769533760.0,1.19743,1.19759,1.19751
EUR_USD,1769533765.0,1.19742,1.19756,1.19749
EUR_USD,1769533770.0,1.19738,1.19753,1.19746
EUR_USD,1769533775.0,1.19738,1.19754,1.19746
EUR_USD,1769533780.0,1.19736,1.19751,1.19744
EUR_USD,1769533785.0,1.19739,1.19756,1.19747
EUR_USD,1769533790.0,1.19739,1.19756,1.19747
EUR_USD,1769533795.0,1.19730,1.19746,1.19738
EUR_USD,1769533800.0,1.19724,1.19738,1.19731
EUR_USD,1769533805.0,1.19728,1.19743,1.19735
EUR_USD,1769533810.0,1.19732,1.19746,1.19739
EUR_USD,1769533815.0,1.19737,1.19751,1.19744
EUR_USD,1769533820.0,1.19728,1.19743,1.19735
EUR_USD,1769533825.0,1.19727,1.19742,1.19734
EUR_USD,1769533830.0,1.19717,1.19733,1.19725
EUR_USD,1769533835.0,1.19711,1.19728,1.19719
EUR_USD,1769533840.0,1.19714,1.19730,1.19722
EUR_USD,1769533845.0,1.19716,1.19733,1.19725
EUR_USD,1769533850.0,1.19720,1.19735,1.19727
EUR_USD,1769533855.0,1.19715,1.19731,1.19723
EUR_USD,1769533860.0,1.19720,1.19734,1.19727
EUR_USD,1769533865.0,1.19719,1.19734,1.19727
EUR_USD,1769533870.0,1.19723,1.19737,1.19730
EUR_USD,1769533875.0,1.19720,1.19737,1.19728
EUR_USD,1769533880.0,1.19721,1.19736,1.19728
EUR_USD,1769533885.0,1.19726,1.19742,1.19734
EUR_USD,1769533890.0,1.19727,1.19742,1.19734
EUR_USD,1769533895.0,1.19722,1.19737,1.19729
EUR_USD,1769533900.0,1.19715,1.19732,1.19724
EUR_USD,1769533905.0,1.19724,1.19738,1.19731
EUR_USD,1769533910.0,1.19714,1.19730,1.19722
EUR_USD,1769533915.0,1.19710,1.19725,1.19718
EUR_USD,1769533920.0,1.19710,1.19726,1.19718
EUR_USD,1769533925.0,1.19699,1.19716,1.19707
EUR_USD,1769533930.0,1.19693,1.19711,1.19702
EUR_USD,1769533935.0,1.19698,1.19715,1.19706
EUR_USD,1769533940.0,1.19700,1.19716,1.19708
EUR_USD,1769533945.0,1.19706,1.19723,1.19714
EUR_USD,1769533950.0,1.19714,1.19728,1.19721
EUR_USD,1769533955.0,1.19720,1.19734,1.19727
EUR_USD,1769533960.0,1.19721,1.19736,1.19728
EUR_USD,1769533965.0,1.19738,1.19754,1.19746
EUR_USD,1769533970.0,1.19732,1.19748,1.19740
EUR_USD,1769533975.0,1.19735,1.19751,1.19743
EUR_USD,1769533980.0,1.19742,1.19757,1.19749
EUR_USD,1769533985.0,1.19744,1.19761,1.19753
EUR_USD,1769533990.0,1.19742,1.19757,1.19749
EUR_USD,1769533995.0,1.19744,1.19760,1.19752
EUR_USD,1769534000.0,1.19739,1.19756,1.19747
EUR_USD,1769534005.0,1.19727,1.19743,1.19735
EUR_USD,1769534010.0,1.19722,1.19737,1.19729
EUR_USD,1769534015.0,1.19720,1.19737,1.19728
EUR_USD,1769534020.0,1.19717,1.19731,1.19724
EUR_USD,1769534025.0,1.19711,1.19728,1.19719
EUR_USD,1769534030.0,1.19716,1.19733,1.19725
EUR_USD,1769534035.0,1.19721,1.19735,1.19728
EUR_USD,1769534040.0,1.19722,1.19738,1.19730
EUR_USD,1769534045.0,1.19722,1.19739,1.19731
EUR_USD,1769534050.0,1.19730,1.19747,1.19739
EUR_USD,1769534055.0,1.19732,1.19748,1.19740
EUR_USD,1769534060.0,1.19728,1.19743,1.19735
EUR_USD,1769534065.0,1.19723,1.19739,1.19731
EUR_USD,1769534070.0,1.19729,1.19744,1.19737
EUR_USD,1769534075.0,1.19715,1.19732,1.19724
EUR_USD,1769534080.0,1.19706,1.19722,1.19714
EUR_USD,1769534085.0,1.19705,1.19722,1.19713
EUR_USD,1769534090.0,1.19706,1.19722,1.19714
EUR_USD,1769534095.0,1.19709,1.19726,1.19718
EUR_USD,1769534100.0,1.19710,1.19725,1.19718
EUR_USD,1769534105.0,1.19710,1.19726,1.19718
EUR_USD,1769534110.0,1.19720,1.19737,1.19728
EUR_USD,1769534115.0,1.19710,1.19726,1.19718
EUR_USD,1769534120.0,1.19710,1.19725,1.19718
EUR_USD,1769534125.0,1.19713,1.19729,1.19721
EUR_USD,1769534130.0,1.19707,1.19723,1.19715
EUR_USD,1769534135.0,1.19708,1.19724,1.19716
EUR_USD,1769534140.0,1.19699,1.19715,1.19707
EUR_USD,1769534145.0,1.19689,1.19705,1.19697
EUR_USD,1769534150.0,1.19690,1.19704,1.19697
EUR_USD,1769534155.0,1.19681,1.19696,1.19688
EUR_USD,1769534160.0,1.19677,1.19693,1.19685
EUR_USD,1769534165.0,1.19670,1.19689,1.19680
EUR_USD,1769534170.0,1.19667,1.19683,1.19675
EUR_USD,1769534175.0,1.19666,1.19682,1.19674
EUR_USD,1769534180.0,1.19668,1.19685,1.19677
EUR_USD,1769534185.0,1.19668,1.19684,1.19676
EUR_USD,1769534190.0,1.19657,1.19672,1.19664
EUR_USD,1769534195.0,1.19660,1.19677,1.19668
EUR_USD,1769534200.0,1.19655,1.19672,1.19664
EUR_USD,1769534205.0,1.19645,1.19662,1.19653
EUR_USD,1769534210.0,1.19645,1.19662,1.19653
EUR_USD,1769534215.0,1.19643,1.19660,1.19652
EUR_USD,1769534220.0,1.19643,1.19660,1.19652
EUR_USD,1769534225.0,1.19643,1.19658,1.19651
EUR_USD,1769534230.0,1.19626,1.19643,1.19634
EUR_USD,1769534235.0,1.19637,1.19653,1.19645
EUR_USD,1769534240.0,1.19633,1.19648,1.19640
EUR_USD,1769534245.0,1.19633,1.19649,1.19641
EUR_USD,1769534250.0,1.19639,1.19655,1.19647
EUR_USD,1769534255.0,1.19639,1.19655,1.19647
EUR_USD,1769534260.0,1.19638,1.19655,1.19646
EUR_USD,1769534265.0,1.19640,1.19656,1.19648
EUR_USD,1769534270.0,1.19625,1.19641,1.19633
EUR_USD,1769534275.0,1.19625,1.19640,1.19632
EUR_USD,1769534280.0,1.19643,1.19659,1.19651
EUR_USD,1769534285.0,1.19633,1.19650,1.19642
EUR_USD,1769534290.0,1.19628,1.19645,1.19637
EUR_USD,1769534295.0,1.19634,1.19650,1.19642
EUR_USD,1769534300.0,1.19633,1.19648,1.19640
EUR_USD,1769534305.0,1.19629,1.19644,1.19637
EUR_USD,1769534310.0,1.19628,1.19644,1.19636
EUR_USD,1769534315.0,1.19629,1.19645,1.19637
EUR_USD,1769534320.0,1.19630,1.19644,1.19637
EUR_USD,1769534325.0,1.19630,1.19644,1.19637
EUR_USD,1769534330.0,1.19628,1.19642,1.19635
EUR_USD,1769534335.0,1.19629,1.19645,1.19637
EUR_USD,1769534340.0,1.19634,1.19649,1.19642
EUR_USD,1769534345.0,1.19636,1.19651,1.19644
EUR_USD,1769534350.0,1.19631,1.19647,1.19639
EUR_USD,1769534355.0,1.19629,1.19645,1.19637
EUR_USD,1769534360.0,1.19635,1.19649,1.19642
EUR_USD,1769534365.0,1.19636,1.19650,1.19643
EUR_USD,1769534370.0,1.19649,1.19664,1.19657
EUR_USD,1769534375.0,1.19648,1.19662,1.19655
EUR_USD,1769534380.0,1.19645,1.19659,1.19652
EUR_USD,1769534385.0,1.19646,1.19660,1.19653
EUR_USD,1769534390.0,1.19647,1.19662,1.19654
EUR_USD,1769534395.0,1.19650,1.19664,1.19657
EUR_USD,1769534400.0,1.19655,1.19670,1.19663
EUR_USD,1769534405.0,1.19652,1.19667,1.19659
EUR_USD,1769534410.0,1.19652,1.19668,1.19660
EUR_USD,1769534415.0,1.19654,1.19670,1.19662
EUR_USD,1769534420.0,1.19652,1.19668,1.19660
EUR_USD,1769534425.0,1.19652,1.19668,1.19660
EUR_USD,1769534430.0,1.19645,1.19662,1.19653
EUR_USD,1769534435.0,1.19649,1.19665,1.19657
EUR_USD,1769534440.0,1.19650,1.19665,1.19657
EUR_USD,1769534445.0,1.19649,1.19664,1.19657
EUR_USD,1769534450.0,1.19644,1.19659,1.19651
EUR_USD,1769534455.0,1.19645,1.19661,1.19653
EUR_USD,1769534460.0,1.19651,1.19668,1.19659
EUR_USD,1769534465.0,1.19651,1.19666,1.19659
EUR_USD,1769534470.0,1.19645,1.19662,1.19653
EUR_USD,1769534475.0,1.19650,1.19665,1.19657
EUR_USD,1769534480.0,1.19650,1.19666,1.19658
EUR_USD,1769534485.0,1.19647,1.19662,1.19654
EUR_USD,1769534490.0,1.19647,1.19662,1.19654
EUR_USD,1769534495.0,1.19646,1.19661,1.19653
EUR_USD,1769534500.0,1.19639,1.19655,1.19647
EUR_USD,1769534505.0,1.19640,1.19656,1.19648
EUR_USD,1769534510.0,1.19640,1.19655,1.19647
EUR_USD,1769534515.0,1.19641,1.19658,1.19650
EUR_USD,1769534520.0,1.19646,1.19662,1.19654
EUR_USD,1769534525.0,1.19649,1.19664,1.19657
EUR_USD,1769534530.0,1.19648,1.19662,1.19655
EUR_USD,1769534535.0,1.19637,1.19653,1.19645
EUR_USD,1769534540.0,1.19637,1.19652,1.19644
EUR_USD,1769534545.0,1.19645,1.19660,1.19653
EUR_USD,1769534550.0,1.19649,1.19665,1.19657
EUR_USD,1769534555.0,1.19648,1.19665,1.19657
EUR_USD,1769534560.0,1.19648,1.19666,1.19657
EUR_USD,1769534565.0,1.19650,1.19666,1.19658
EUR_USD,1769534570.0,1.19645,1.19662,1.19653
EUR_USD,1769534575.0,1.19638,1.19655,1.19646
EUR_USD,1769534580.0,1.19638,1.19654,1.19646
EUR_USD,1769534585.0,1.19633,1.19650,1.19642
EUR_USD,1769534590.0,1.19633,1.19651,1.19642
EUR_USD,1769534595.0,1.19633,1.19650,1.19642
EUR_USD,1769534600.0,1.19633,1.19649,1.19641
EUR_USD,1769534605.0,1.19633,1.19649,1.19641
EUR_USD,1769534610.0,1.19623,1.19640,1.19631
EUR_USD,1769534615.0,1.19623,1.19640,1.19631
EUR_USD,1769534620.0,1.19628,1.19642,1.19635
EUR_USD,1769534625.0,1.19626,1.19642,1.19634
EUR_USD,1769534630.0,1.19619,1.19634,1.19626
EUR_USD,1769534635.0,1.19620,1.19636,1.19628
EUR_USD,1769534640.0,1.19619,1.19635,1.19627
EUR_USD,1769534645.0,1.19618,1.19635,1.19626
EUR_USD,1769534650.0,1.19619,1.19634,1.19626
EUR_USD,1769534655.0,1.19621,1.19637,1.19629
EUR_USD,1769534660.0,1.19619,1.19635,1.19627
EUR_USD,1769534665.0,1.19615,1.19632,1.19624
EUR_USD,1769534670.0,1.19619,1.19634,1.19626
EUR_USD,1769534675.0,1.19620,1.19636,1.19628
EUR_USD,1769534680.0,1.19619,1.19635,1.19627
EUR_USD,1769534685.0,1.19619,1.19635,1.19627
EUR_USD,1769534690.0,1.19619,1.19635,1.19627
EUR_USD,1769534695.0,1.19619,1.19635,1.19627
EUR_USD,1769534700.0,1.19619,1.19634,1.19626
EUR_USD,1769534705.0,1.19613,1.19628,1.19620
EUR_USD,1769534710.0,1.19615,1.19629,1.19622
EUR_USD,1769534715.0,1.19612,1.19627,1.19619
EUR_USD,1769534720.0,1.19614,1.19629,1.19622
EUR_USD,1769534725.0,1.19609,1.19625,1.19617
EUR_USD,1769534730.0,1.19605,1.19621,1.19613
EUR_USD,1769534735.0,1.19608,1.19626,1.19617
EUR_USD,1769534740.0,1.19611,1.19627,1.19619
EUR_USD,1769534745.0,1.19619,1.19635,1.19627
EUR_USD,1769534750.0,1.19619,1.19633,1.19626
EUR_USD,1769534755.0,1.19615,1.19631,1.19623
EUR_USD,1769534760.0,1.19628,1.19645,1.19637
EUR_USD,1769534765.0,1.19625,1.19641,1.19633
EUR_USD,1769534770.0,1.19625,1.19642,1.19633
EUR_USD,1769534775.0,1.19626,1.19641,1.19633
EUR_USD,1769534780.0,1.19624,1.19640,1.19632
EUR_USD,1769534785.0,1.19623,1.19638,1.19630
EUR_USD,1769534790.0,1.19620,1.19637,1.19629
EUR_USD,1769534795.0,1.19621,1.19637,1.19629
EUR_USD,1769534800.0,1.19615,1.19632,1.19624
EUR_USD,1769534805.0,1.19619,1.19636,1.19627
EUR_USD,1769534810.0,1.19629,1.19645,1.19637
EUR_USD,1769534815.0,1.19627,1.19643,1.19635
EUR_USD,1769534820.0,1.19630,1.19646,1.19638
EUR_USD,1769534825.0,1.19630,1.19645,1.19637
EUR_USD,1769534830.0,1.19626,1.19642,1.19634
EUR_USD,1769534835.0,1.19626,1.19642,1.19634
EUR_USD,1769534840.0,1.19625,1.19641,1.19633
EUR_USD,1769534845.0,1.19624,1.19640,1.19632
EUR_USD,1769534850.0,1.19610,1.19626,1.19618
EUR_USD,1769534855.0,1.19609,1.19624,1.19617
EUR_USD,1769534860.0,1.19608,1.19624,1.19616
EUR_USD,1769534865.0,1.19604,1.19621,1.19612
EUR_USD,1769534870.0,1.19601,1.19615,1.19608
EUR_USD,1769534875.0,1.19601,1.19615,1.19608
EUR_USD,1769534880.0,1.19598,1.19615,1.19606
EUR_USD,1769534885.0,1.19611,1.19627,1.19619
EUR_USD,1769534890.0,1.19606,1.19623,1.19615
EUR_USD,1769534895.0,1.19610,1.19626,1.19618
EUR_USD,1769534900.0,1.19614,1.19630,1.19622
EUR_USD,1769534905.0,1.19610,1.19626,1.19618
EUR_USD,1769534910.0,1.19609,1.19625,1.19617
EUR_USD,1769534915.0,1.19606,1.19622,1.19614
EUR_USD,1769534920.0,1.19608,1.19623,1.19616
EUR_USD,1769534925.0,1.19614,1.19630,1.19622
EUR_USD,1769534930.0,1.19609,1.19626,1.19618
EUR_USD,1769534935.0,1.19608,1.19625,1.19617
EUR_USD,1769534940.0,1.19610,1.19627,1.19618
EUR_USD,1769534945.0,1.19611,1.19628,1.19619
EUR_USD,1769534950.0,1.19608,1.19622,1.19615
EUR_USD,1769534955.0,1.19609,1.19626,1.19618
EUR_USD,1769534960.0,1.19609,1.19625,1.19617
EUR_USD,1769534965.0,1.19603,1.19620,1.19611
EUR_USD,1769534970.0,1.19600,1.19616,1.19608
EUR_USD,1769534975.0,1.19598,1.19615,1.19606
EUR_USD,1769534980.0,1.19582,1.19598,1.19590
EUR_USD,1769534985.0,1.19581,1.19597,1.19589
EUR_USD,1769534990.0,1.19581,1.19596,1.19589
EUR_USD,1769534995.0,1.19588,1.19602,1.19595
EUR_USD,1769535000.0,1.19587,1.19602,1.19595
EUR_USD,1769535005.0,1.19588,1.19605,1.19597
EUR_USD,1769535010.0,1.19588,1.19605,1.19597
EUR_USD,1769535015.0,1.19586,1.19603,1.19595
EUR_USD,1769535020.0,1.19585,1.19601,1.19593
EUR_USD,1769535025.0,1.19588,1.19605,1.19597
EUR_USD,1769535030.0,1.19588,1.19605,1.19597
EUR_USD,1769535035.0,1.19590,1.19606,1.19598
EUR_USD,1769535040.0,1.19602,1.19618,1.19610
EUR_USD,1769535045.0,1.19608,1.19625,1.19617
EUR_USD,1769535050.0,1.19608,1.19625,1.19617
EUR_USD,1769535055.0,1.19608,1.19625,1.19617
EUR_USD,1769535060.0,1.19609,1.19625,1.19617
EUR_USD,1769535065.0,1.19605,1.19623,1.19614
EUR_USD,1769535070.0,1.19603,1.19619,1.19611
EUR_USD,1769535075.0,1.19604,1.19621,1.19612
EUR_USD,1769535080.0,1.19604,1.19620,1.19612
EUR_USD,1769535085.0,1.19605,1.19621,1.19613
EUR_USD,1769535090.0,1.19604,1.19620,1.19612
EUR_USD,1769535095.0,1.19601,1.19616,1.19609
EUR_USD,1769535100.0,1.19604,1.19620,1.19612
EUR_USD,1769535105.0,1.19602,1.19618,1.19610
EUR_USD,1769535110.0,1.19601,1.19618,1.19610
EUR_USD,1769535115.0,1.19603,1.19618,1.19610
EUR_USD,1769535120.0,1.19604,1.19621,1.19612
EUR_USD,1769535125.0,1.19600,1.19617,1.19609
EUR_USD,1769535130.0,1.19595,1.19611,1.19603
EUR_USD,1769535135.0,1.19599,1.19615,1.19607
EUR_USD,1769535140.0,1.19599,1.19615,1.19607
EUR_USD,1769535145.0,1.19601,1.19617,1.19609
EUR_USD,1769535150.0,1.19605,1.19620,1.19612
EUR_USD,1769535155.0,1.19602,1.19617,1.19610
EUR_USD,1769535160.0,1.19605,1.19620,1.19612
EUR_USD,1769535165.0,1.19606,1.19623,1.19615
EUR_USD,1769535170.0,1.19609,1.19625,1.19617
EUR_USD,1769535175.0,1.19609,1.19625,1.19617
EUR_USD,1769535180.0,1.19599,1.19615,1.19607
EUR_USD,1769535185.0,1.19599,1.19615,1.19607
EUR_USD,1769535190.0,1.19601,1.19616,1.19609
EUR_USD,1769535195.0,1.19601,1.19616,1.19609
EUR_USD,1769535200.0,1.19620,1.19637,1.19629
EUR_USD,1769535205.0,1.19616,1.19631,1.19623
EUR_USD,1769535210.0,1.19614,1.19630,1.19622
EUR_USD,1769535215.0,1.19614,1.19631,1.19623
EUR_USD,1769535220.0,1.19615,1.19630,1.19623
EUR_USD,1769535225.0,1.19615,1.19632,1.19624
EUR_USD,1769535230.0,1.19617,1.19632,1.19625
EUR_USD,1769535235.0,1.19610,1.19627,1.19618
EUR_USD,1769535240.0,1.19616,1.19630,1.19623
EUR_USD,1769535245.0,1.19616,1.19631,1.19623
EUR_USD,1769535250.0,1.19614,1.19630,1.19622
EUR_USD,1769535255.0,1.19614,1.19630,1.19622
EUR_USD,1769535260.0,1.19615,1.19631,1.19623
EUR_USD,1769535265.0,1.19618,1.19634,1.19626
EUR_USD,1769535270.0,1.19609,1.19626,1.19618
EUR_USD,1769535275.0,1.19613,1.19628,1.19620
EUR_USD,1769535280.0,1.19614,1.19629,1.19622
EUR_USD,1769535285.0,1.19610,1.19626,1.19618
EUR_USD,1769535290.0,1.19619,1.19634,1.19626
EUR_USD,1769535295.0,1.19610,1.19625,1.19617
EUR_USD,1769535300.0,1.19611,1.19625,1.19618
EUR_USD,1769535305.0,1.19612,1.19627,1.19619
EUR_USD,1769535310.0,1.19610,1.19625,1.19617
EUR_USD,1769535315.0,1.19614,1.19630,1.19622
EUR_USD,1769535320.0,1.19614,1.19631,1.19623
EUR_USD,1769535325.0,1.19613,1.19630,1.19622
EUR_USD,1769535330.0,1.19613,1.19630,1.19622
EUR_USD,1769535335.0,1.19615,1.19630,1.19623
EUR_USD,1769535340.0,1.19619,1.19634,1.19626
EUR_USD,1769535345.0,1.19619,1.19634,1.19626
EUR_USD,1769535350.0,1.19620,1.19636,1.19628
EUR_USD,1769535355.0,1.19620,1.19635,1.19627
EUR_USD,1769535360.0,1.19620,1.19636,1.19628
EUR_USD,1769535365.0,1.19621,1.19636,1.19629
EUR_USD,1769535370.0,1.19621,1.19636,1.19629
EUR_USD,1769535375.0,1.19621,1.19637,1.19629
EUR_USD,1769535380.0,1.19621,1.19637,1.19629
EUR_USD,1769535385.0,1.19622,1.19639,1.19631
EUR_USD,1769535390.0,1.19621,1.19638,1.19630
EUR_USD,1769535395.0,1.19632,1.19646,1.19639
EUR_USD,1769535400.0,1.19626,1.19641,1.19633
EUR_USD,1769535405.0,1.19626,1.19641,1.19633
EUR_USD,1769535410.0,1.19625,1.19640,1.19632
EUR_USD,1769535415.0,1.19621,1.19637,1.19629
EUR_USD,1769535420.0,1.19612,1.19627,1.19619
EUR_USD,1769535425.0,1.19616,1.19631,1.19623
EUR_USD,1769535430.0,1.19616,1.19631,1.19623
EUR_USD,1769535435.0,1.19614,1.19630,1.19622
EUR_USD,1769535440.0,1.19620,1.19636,1.19628
EUR_USD,1769535445.0,1.19621,1.19637,1.19629
EUR_USD,1769535450.0,1.19616,1.19631,1.19623
EUR_USD,1769535455.0,1.19616,1.19632,1.19624
EUR_USD,1769535460.0,1.19622,1.19638,1.19630
EUR_USD,1769535465.0,1.19621,1.19637,1.19629
EUR_USD,1769535470.0,1.19621,1.19637,1.19629
EUR_USD,1769535475.0,1.19622,1.19638,1.19630
EUR_USD,1769535480.0,1.19631,1.19647,1.19639
EUR_USD,1769535485.0,1.19631,1.19648,1.19639
EUR_USD,1769535490.0,1.19631,1.19646,1.19639
EUR_USD,1769535495.0,1.19630,1.19644,1.19637
EUR_USD,1769535500.0,1.19630,1.19645,1.19637
EUR_USD,1769535505.0,1.19630,1.19645,1.19637
EUR_USD,1769535510.0,1.19627,1.19642,1.19634
EUR_USD,1769535515.0,1.19626,1.19641,1.19633
EUR_USD,1769535520.0,1.19624,1.19639,1.19632
EUR_USD,1769535525.0,1.19621,1.19637,1.19629
EUR_USD,1769535530.0,1.19624,1.19639,1.19632
EUR_USD,1769535535.0,1.19624,1.19638,1.19631
EUR_USD,1769535540.0,1.19623,1.19638,1.19630
EUR_USD,1769535545.0,1.19623,1.19638,1.19630
EUR_USD,1769535550.0,1.19621,1.19637,1.19629
EUR_USD,1769535555.0,1.19622,1.19637,1.19630
EUR_USD,1769535560.0,1.19622,1.19637,1.19630
EUR_USD,1769535565.0,1.19628,1.19644,1.19636
EUR_USD,1769535570.0,1.19629,1.19644,1.19637
EUR_USD,1769535575.0,1.19629,1.19645,1.19637
EUR_USD,1769535580.0,1.19625,1.19641,1.19633
EUR_USD,1769535585.0,1.19626,1.19641,1.19633
EUR_USD,1769535590.0,1.19629,1.19645,1.19637
EUR_USD,1769535595.0,1.19636,1.19650,1.19643
EUR_USD,1769535600.0,1.19640,1.19654,1.19647
EUR_USD,1769535605.0,1.19640,1.19655,1.19647
EUR_USD,1769535610.0,1.19640,1.19655,1.19647
EUR_USD,1769535615.0,1.19641,1.19655,1.19648
EUR_USD,1769535620.0,1.19640,1.19654,1.19647
EUR_USD,1769535625.0,1.19641,1.19657,1.19649
EUR_USD,1769535630.0,1.19640,1.19656,1.19648
EUR_USD,1769535635.0,1.19640,1.19655,1.19647
EUR_USD,1769535640.0,1.19641,1.19656,1.19649
EUR_USD,1769535645.0,1.19641,1.19656,1.19649
EUR_USD,1769535650.0,1.19641,1.19657,1.19649
EUR_USD,1769535655.0,1.19639,1.19655,1.19647
EUR_USD,1769535660.0,1.19640,1.19655,1.19647
EUR_USD,1769535665.0,1.19647,1.19662,1.19654
EUR_USD,1769535670.0,1.19651,1.19666,1.19659
EUR_USD,1769535675.0,1.19653,1.19670,1.19661
EUR_USD,1769535680.0,1.19655,1.19671,1.19663
EUR_USD,1769535685.0,1.19654,1.19668,1.19661
EUR_USD,1769535690.0,1.19661,1.19677,1.19669
EUR_USD,1769535695.0,1.19671,1.19686,1.19678
EUR_USD,1769535700.0,1.19676,1.19692,1.19684
EUR_USD,1769535705.0,1.19681,1.19696,1.19688
EUR_USD,1769535710.0,1.19685,1.19701,1.19693
EUR_USD,1769535715.0,1.19687,1.19702,1.19694
EUR_USD,1769535720.0,1.19701,1.19717,1.19709
EUR_USD,1769535725.0,1.19701,1.19716,1.19708
EUR_USD,1769535730.0,1.19716,1.19731,1.19724
EUR_USD,1769535735.0,1.19708,1.19725,1.19717
EUR_USD,1769535740.0,1.19701,1.19716,1.19708
EUR_USD,1769535745.0,1.19706,1.19723,1.19714
EUR_USD,1769535750.0,1.19712,1.19728,1.19720
EUR_USD,1769535755.0,1.19726,1.19745,1.19735
EUR_USD,1769535760.0,1.19724,1.19741,1.19733
EUR_USD,1769535765.0,1.19718,1.19735,1.19726
EUR_USD,1769535770.0,1.19723,1.19739,1.19731
EUR_USD,1769535775.0,1.19729,1.19743,1.19736
EUR_USD,1769535780.0,1.19737,1.19751,1.19744
EUR_USD,1769535785.0,1.19727,1.19744,1.19735
EUR_USD,1769535790.0,1.19723,1.19738,1.19731
EUR_USD,1769535795.0,1.19731,1.19746,1.19739
EUR_USD,1769535800.0,1.19731,1.19745,1.19738
EUR_USD,1769535805.0,1.19733,1.19747,1.19740
EUR_USD,1769535810.0,1.19730,1.19746,1.19738
EUR_USD,1769535815.0,1.19731,1.19747,1.19739
EUR_USD,1769535820.0,1.19724,1.19741,1.19733
EUR_USD,1769535825.0,1.19722,1.19738,1.19730
EUR_USD,1769535830.0,1.19746,1.19761,1.19754
EUR_USD,1769535835.0,1.19760,1.19777,1.19768
EUR_USD,1769535840.0,1.19756,1.19773,1.19765
EUR_USD,1769535845.0,1.19770,1.19785,1.19778
EUR_USD,1769535850.0,1.19772,1.19789,1.19780
EUR_USD,1769535855.0,1.19760,1.19777,1.19768
EUR_USD,1769535860.0,1.19771,1.19786,1.19779
EUR_USD,1769535865.0,1.19768,1.19783,1.19775
EUR_USD,1769535870.0,1.19761,1.19776,1.19768
EUR_USD,1769535875.0,1.19782,1.19800,1.19791
EUR_USD,1769535880.0,1.19791,1.19808,1.19800
EUR_USD,1769535885.0,1.19795,1.19812,1.19803
EUR_USD,1769535890.0,1.19799,1.19814,1.19807
EUR_USD,1769535895.0,1.19802,1.19818,1.19810
EUR_USD,1769535900.0,1.19788,1.19804,1.19796
EUR_USD,1769535905.0,1.19800,1.19816,1.19808
EUR_USD,1769535910.0,1.19777,1.19793,1.19785
EUR_USD,1769535915.0,1.19767,1.19783,1.19775
EUR_USD,1769535920.0,1.19769,1.19784,1.19776
EUR_USD,1769535925.0,1.19773,1.19787,1.19780
EUR_USD,1769535930.0,1.19776,1.19791,1.19783
EUR_USD,1769535935.0,1.19781,1.19796,1.19788
EUR_USD,1769535940.0,1.19787,1.19803,1.19795
EUR_USD,1769535945.0,1.19780,1.19797,1.19788
EUR_USD,1769535950.0,1.19776,1.19792,1.19784
EUR_USD,1769535955.0,1.19762,1.19778,1.19770
EUR_USD,1769535960.0,1.19761,1.19776,1.19768
EUR_USD,1769535965.0,1.19762,1.19777,1.19769
EUR_USD,1769535970.0,1.19765,1.19781,1.19773
EUR_USD,1769535975.0,1.19771,1.19788,1.19780
EUR_USD,1769535980.0,1.19773,1.19788,1.19781
EUR_USD,1769535985.0,1.19772,1.19789,1.19780
EUR_USD,1769535990.0,1.19769,1.19785,1.19777
EUR_USD,1769535995.0,1.19775,1.19791,1.19783
EUR_USD,1769536000.0,1.19778,1.19794,1.19786
EUR_USD,1769536005.0,1.19776,1.19792,1.19784
EUR_USD,1769536010.0,1.19778,1.19793,1.19786
EUR_USD,1769536015.0,1.19777,1.19794,1.19786
EUR_USD,1769536020.0,1.19775,1.19791,1.19783
EUR_USD,1769536025.0,1.19761,1.19777,1.19769
EUR_USD,1769536030.0,1.19761,1.19777,1.19769
EUR_USD,1769536035.0,1.19773,1.19790,1.19781
EUR_USD,1769536040.0,1.19771,1.19787,1.19779
EUR_USD,1769536045.0,1.19772,1.19787,1.19779
EUR_USD,1769536050.0,1.19765,1.19782,1.19774
EUR_USD,1769536055.0,1.19760,1.19778,1.19769
EUR_USD,1769536060.0,1.19761,1.19778,1.19769
EUR_USD,1769536065.0,1.19777,1.19795,1.19786
EUR_USD,1769536070.0,1.19768,1.19787,1.19778
EUR_USD,1769536075.0,1.19768,1.19786,1.19777
EUR_USD,1769536080.0,1.19766,1.19783,1.19774
EUR_USD,1769536085.0,1.19773,1.19791,1.19782
EUR_USD,1769536090.0,1.19773,1.19791,1.19782
EUR_USD,1769536095.0,1.19780,1.19797,1.19788
EUR_USD,1769536100.0,1.19806,1.19824,1.19815
EUR_USD,1769536105.0,1.19803,1.19820,1.19812
EUR_USD,1769536110.0,1.19800,1.19817,1.19808
EUR_USD,1769536115.0,1.19801,1.19819,1.19810
EUR_USD,1769536120.0,1.19801,1.19818,1.19809
EUR_USD,1769536125.0,1.19813,1.19830,1.19821
EUR_USD,1769536130.0,1.19812,1.19829,1.19821
EUR_USD,1769536135.0,1.19813,1.19829,1.19821
EUR_USD,1769536140.0,1.19785,1.19802,1.19794
EUR_USD,1769536145.0,1.19795,1.19811,1.19803
EUR_USD,1769536150.0,1.19802,1.19818,1.19810
EUR_USD,1769536155.0,1.19805,1.19822,1.19814
EUR_USD,1769536160.0,1.19811,1.19827,1.19819
EUR_USD,1769536165.0,1.19817,1.19833,1.19825
EUR_USD,1769536170.0,1.19816,1.19832,1.19824
EUR_USD,1769536175.0,1.19808,1.19825,1.19816
EUR_USD,1769536180.0,1.19805,1.19823,1.19814
EUR_USD,1769536185.0,1.19802,1.19820,1.19811
EUR_USD,1769536190.0,1.19801,1.19818,1.19809
EUR_USD,1769536195.0,1.19803,1.19820,1.19812
EUR_USD,1769536200.0,1.19778,1.19795,1.19787
EUR_USD,1769536205.0,1.19783,1.19800,1.19792
EUR_USD,1769536210.0,1.19784,1.19801,1.19793
EUR_USD,1769536215.0,1.19783,1.19800,1.19792
EUR_USD,1769536220.0,1.19783,1.19799,1.19791
EUR_USD,1769536225.0,1.19783,1.19798,1.19790
EUR_USD,1769536230.0,1.19784,1.19799,1.19792
EUR_USD,1769536235.0,1.19778,1.19794,1.19786
EUR_USD,1769536240.0,1.19777,1.19794,1.19786
EUR_USD,1769536245.0,1.19773,1.19790,1.19781
EUR_USD,1769536250.0,1.19768,1.19785,1.19776
EUR_USD,1769536255.0,1.19763,1.19779,1.19771
EUR_USD,1769536260.0,1.19774,1.19791,1.19782
EUR_USD,1769536265.0,1.19777,1.19792,1.19785
EUR_USD,1769536270.0,1.19785,1.19801,1.19793
EUR_USD,1769536275.0,1.19781,1.19796,1.19788
EUR_USD,1769536280.0,1.19786,1.19802,1.19794
EUR_USD,1769536285.0,1.19787,1.19803,1.19795
EUR_USD,1769536290.0,1.19795,1.19811,1.19803
EUR_USD,1769536295.0,1.19795,1.19811,1.19803
EUR_USD,1769536300.0,1.19795,1.19813,1.19804
EUR_USD,1769536305.0,1.19796,1.19812,1.19804
EUR_USD,1769536310.0,1.19802,1.19820,1.19811
EUR_USD,1769536315.0,1.19801,1.19817,1.19809
EUR_USD,1769536320.0,1.19801,1.19817,1.19809
EUR_USD,1769536325.0,1.19795,1.19811,1.19803
EUR_USD,1769536330.0,1.19798,1.19815,1.19807
EUR_USD,1769536335.0,1.19800,1.19816,1.19808
EUR_USD,1769536340.0,1.19802,1.19818,1.19810
EUR_USD,1769536345.0,1.19802,1.19819,1.19810
EUR_USD,1769536350.0,1.19795,1.19810,1.19802
EUR_USD,1769536355.0,1.19794,1.19809,1.19802
EUR_USD,1769536360.0,1.19791,1.19807,1.19799
EUR_USD,1769536365.0,1.19791,1.19807,1.19799
EUR_USD,1769536370.0,1.19790,1.19808,1.19799
EUR_USD,1769536375.0,1.19792,1.19809,1.19801
EUR_USD,1769536380.0,1.19790,1.19806,1.19798
EUR_USD,1769536385.0,1.19789,1.19805,1.19797
EUR_USD,1769536390.0,1.19782,1.19799,1.19790
EUR_USD,1769536395.0,1.19778,1.19796,1.19787
EUR_USD,1769536400.0,1.19779,1.19797,1.19788
EUR_USD,1769536405.0,1.19780,1.19796,1.19788
EUR_USD,1769536410.0,1.19776,1.19792,1.19784
EUR_USD,1769536415.0,1.19781,1.19798,1.19789
EUR_USD,1769536420.0,1.19782,1.19798,1.19790
EUR_USD,1769536425.0,1.19781,1.19798,1.19789
EUR_USD,1769536430.0,1.19782,1.19799,1.19790
EUR_USD,1769536435.0,1.19782,1.19798,1.19790
EUR_USD,1769536440.0,1.19778,1.19794,1.19786
EUR_USD,1769536445.0,1.19779,1.19795,1.19787
EUR_USD,1769536450.0,1.19780,1.19795,1.19788
EUR_USD,1769536455.0,1.19780,1.19796,1.19788
EUR_USD,1769536460.0,1.19793,1.19810,1.19801
EUR_USD,1769536465.0,1.19785,1.19803,1.19794
EUR_USD,1769536470.0,1.19789,1.19807,1.19798
EUR_USD,1769536475.0,1.19784,1.19801,1.19793
EUR_USD,1769536480.0,1.19778,1.19795,1.19787
EUR_USD,1769536485.0,1.19767,1.19784,1.19775
EUR_USD,1769536490.0,1.19762,1.19779,1.19771
EUR_USD,1769536495.0,1.19765,1.19781,1.19773
EUR_USD,1769536500.0,1.19763,1.19780,1.19772
EUR_USD,1769536505.0,1.19769,1.19786,1.19778
EUR_USD,1769536510.0,1.19773,1.19792,1.19782
EUR_USD,1769536515.0,1.19777,1.19795,1.19786
EUR_USD,1769536520.0,1.19777,1.19794,1.19786
EUR_USD,1769536525.0,1.19778,1.19795,1.19787
EUR_USD,1769536530.0,1.19784,1.19801,1.19793
EUR_USD,1769536535.0,1.19784,1.19801,1.19793
EUR_USD,1769536540.0,1.19782,1.19800,1.19791
EUR_USD,1769536545.0,1.19782,1.19799,1.19790
EUR_USD,1769536550.0,1.19777,1.19795,1.19786
EUR_USD,1769536555.0,1.19782,1.19799,1.19790
EUR_USD,1769536560.0,1.19783,1.19800,1.19792
EUR_USD,1769536565.0,1.19783,1.19800,1.19792
EUR_USD,1769536570.0,1.19783,1.19800,1.19792
EUR_USD,1769536575.0,1.19789,1.19805,1.19797
EUR_USD,1769536580.0,1.19790,1.19808,1.19799
EUR_USD,1769536585.0,1.19793,1.19810,1.19801
EUR_USD,1769536590.0,1.19784,1.19801,1.19793
EUR_USD,1769536595.0,1.19780,1.19797,1.19788
EUR_USD,1769536600.0,1.19777,1.19794,1.19786
EUR_USD,1769536605.0,1.19778,1.19795,1.19787
EUR_USD,1769536610.0,1.19777,1.19793,1.19785
EUR_USD,1769536615.0,1.19768,1.19785,1.19776
EUR_USD,1769536620.0,1.19763,1.19780,1.19772
EUR_USD,1769536625.0,1.19772,1.19789,1.19780
EUR_USD,1769536630.0,1.19776,1.19792,1.19784
EUR_USD,1769536635.0,1.19779,1.19796,1.19787
EUR_USD,1769536640.0,1.19776,1.19793,1.19785
EUR_USD,1769536645.0,1.19769,1.19787,1.19778
EUR_USD,1769536650.0,1.19773,1.19790,1.19781
EUR_USD,1769536655.0,1.19774,1.19791,1.19782
EUR_USD,1769536660.0,1.19774,1.19791,1.19782
EUR_USD,1769536665.0,1.19766,1.19783,1.19774
EUR_USD,1769536670.0,1.19766,1.19783,1.19774
EUR_USD,1769536675.0,1.19769,1.19786,1.19778
EUR_USD,1769536680.0,1.19766,1.19783,1.19774
EUR_USD,1769536685.0,1.19764,1.19780,1.19772
EUR_USD,1769536690.0,1.19764,1.19781,1.19773
EUR_USD,1769536695.0,1.19775,1.19792,1.19783
EUR_USD,1769536700.0,1.19778,1.19795,1.19787
EUR_USD,1769536705.0,1.19778,1.19795,1.19787
EUR_USD,1769536710.0,1.19782,1.19798,1.19790
EUR_USD,1769536715.0,1.19790,1.19807,1.19799
EUR_USD,1769536720.0,1.19786,1.19803,1.19794
EUR_USD,1769536725.0,1.19780,1.19796,1.19788
EUR_USD,1769536730.0,1.19779,1.19796,1.19787
EUR_USD,1769536735.0,1.19779,1.19796,1.19787
EUR_USD,1769536740.0,1.19781,1.19798,1.19789
EUR_USD,1769536745.0,1.19791,1.19808,1.19800
EUR_USD,1769536750.0,1.19795,1.19810,1.19802
EUR_USD,1769536755.0,1.19793,1.19810,1.19801
EUR_USD,1769536760.0,1.19780,1.19798,1.19789
EUR_USD,1769536765.0,1.19782,1.19799,1.19790
EUR_USD,1769536770.0,1.19783,1.19799,1.19791
EUR_USD,1769536775.0,1.19783,1.19800,1.19792
EUR_USD,1769536780.0,1.19790,1.19807,1.19799
EUR_USD,1769536785.0,1.19790,1.19806,1.19798
EUR_USD,1769536790.0,1.19793,1.19810,1.19801
EUR_USD,1769536795.0,1.19792,1.19807,1.19800
EUR_USD,1769536800.0,1.19800,1.19817,1.19808
EUR_USD,1769536805.0,1.19797,1.19814,1.19806
EUR_USD,1769536810.0,1.19797,1.19815,1.19806
EUR_USD,1769536815.0,1.19794,1.19811,1.19802
EUR_USD,1769536820.0,1.19795,1.19812,1.19803
EUR_USD,1769536825.0,1.19805,1.19820,1.19813
EUR_USD,1769536830.0,1.19807,1.19824,1.19815
EUR_USD,1769536835.0,1.19803,1.19821,1.19812
EUR_USD,1769536840.0,1.19805,1.19821,1.19813
EUR_USD,1769536845.0,1.19806,1.19820,1.19813
EUR_USD,1769536850.0,1.19806,1.19821,1.19813
EUR_USD,1769536855.0,1.19806,1.19821,1.19813
EUR_USD,1769536860.0,1.19804,1.19820,1.19812
EUR_USD,1769536865.0,1.19802,1.19818,1.19810
EUR_USD,1769536870.0,1.19807,1.19822,1.19815
EUR_USD,1769536875.0,1.19807,1.19823,1.19815
EUR_USD,1769536880.0,1.19805,1.19822,1.19814
EUR_USD,1769536885.0,1.19804,1.19820,1.19812
EUR_USD,1769536890.0,1.19804,1.19819,1.19812
EUR_USD,1769536895.0,1.19797,1.19814,1.19806
EUR_USD,1769536900.0,1.19798,1.19814,1.19806
EUR_USD,1769536905.0,1.19798,1.19813,1.19806
EUR_USD,1769536910.0,1.19812,1.19830,1.19821
EUR_USD,1769536915.0,1.19806,1.19822,1.19814
EUR_USD,1769536920.0,1.19803,1.19819,1.19811
EUR_USD,1769536925.0,1.19805,1.19822,1.19814
EUR_USD,1769536930.0,1.19809,1.19827,1.19818
EUR_USD,1769536935.0,1.19809,1.19826,1.19817
EUR_USD,1769536940.0,1.19816,1.19833,1.19825
EUR_USD,1769536945.0,1.19820,1.19837,1.19828
EUR_USD,1769536950.0,1.19823,1.19839,1.19831
EUR_USD,1769536955.0,1.19826,1.19843,1.19835
EUR_USD,1769536960.0,1.19824,1.19841,1.19833
EUR_USD,1769536965.0,1.19825,1.19842,1.19834
EUR_USD,1769536970.0,1.19826,1.19842,1.19834
EUR_USD,1769536975.0,1.19826,1.19842,1.19834
EUR_USD,1769536980.0,1.19836,1.19851,1.19843
EUR_USD,1769536985.0,1.19841,1.19856,1.19849
EUR_USD,1769536990.0,1.19850,1.19865,1.19857
EUR_USD,1769536995.0,1.19854,1.19868,1.19861
EUR_USD,1769537000.0,1.19856,1.19872,1.19864
EUR_USD,1769537005.0,1.19852,1.19869,1.19861
EUR_USD,1769537010.0,1.19848,1.19864,1.19856
EUR_USD,1769537015.0,1.19841,1.19858,1.19849
EUR_USD,1769537020.0,1.19851,1.19867,1.19859
EUR_USD,1769537025.0,1.19863,1.19878,1.19870
EUR_USD,1769537030.0,1.19857,1.19873,1.19865
EUR_USD,1769537035.0,1.19853,1.19869,1.19861
EUR_USD,1769537040.0,1.19847,1.19863,1.19855
EUR_USD,1769537045.0,1.19849,1.19866,1.19857
EUR_USD,1769537050.0,1.19851,1.19868,1.19860
EUR_USD,1769537055.0,1.19851,1.19867,1.19859
EUR_USD,1769537060.0,1.19851,1.19868,1.19860
EUR_USD,1769537065.0,1.19852,1.19868,1.19860
EUR_USD,1769537070.0,1.19853,1.19869,1.19861
EUR_USD,1769537075.0,1.19860,1.19876,1.19868
EUR_USD,1769537080.0,1.19858,1.19875,1.19867
EUR_USD,1769537085.0,1.19861,1.19878,1.19869
EUR_USD,1769537090.0,1.19865,1.19881,1.19873
EUR_USD,1769537095.0,1.19857,1.19873,1.19865
EUR_USD,1769537100.0,1.19841,1.19857,1.19849
EUR_USD,1769537105.0,1.19840,1.19857,1.19848
EUR_USD,1769537110.0,1.19831,1.19848,1.19840
EUR_USD,1769537115.0,1.19834,1.19849,1.19842
EUR_USD,1769537120.0,1.19825,1.19841,1.19833
EUR_USD,1769537125.0,1.19828,1.19844,1.19836
EUR_USD,1769537130.0,1.19828,1.19846,1.19837
EUR_USD,1769537135.0,1.19831,1.19847,1.19839
EUR_USD,1769537140.0,1.19827,1.19843,1.19835
EUR_USD,1769537145.0,1.19830,1.19846,1.19838
EUR_USD,1769537150.0,1.19829,1.19845,1.19837
EUR_USD,1769537155.0,1.19830,1.19847,1.19839
EUR_USD,1769537160.0,1.19828,1.19845,1.19836
EUR_USD,1769537165.0,1.19820,1.19837,1.19828
EUR_USD,1769537170.0,1.19820,1.19838,1.19829
EUR_USD,1769537175.0,1.19821,1.19838,1.19829
EUR_USD,1769537180.0,1.19824,1.19840,1.19832
EUR_USD,1769537185.0,1.19825,1.19841,1.19833
EUR_USD,1769537190.0,1.19825,1.19842,1.19834
EUR_USD,1769537195.0,1.19821,1.19837,1.19829
EUR_USD,1769537200.0,1.19819,1.19836,1.19828
EUR_USD,1769537205.0,1.19819,1.19836,1.19828
EUR_USD,1769537210.0,1.19821,1.19838,1.19829
EUR_USD,1769537215.0,1.19825,1.19841,1.19833
EUR_USD,1769537220.0,1.19826,1.19843,1.19835
EUR_USD,1769537225.0,1.19825,1.19843,1.19834
EUR_USD,1769537230.0,1.19825,1.19843,1.19834
EUR_USD,1769537235.0,1.19830,1.19847,1.19839
EUR_USD,1769537240.0,1.19830,1.19847,1.19839
EUR_USD,1769537245.0,1.19833,1.19850,1.19841
EUR_USD,1769537250.0,1.19841,1.19858,1.19849
EUR_USD,1769537255.0,1.19851,1.19869,1.19860
EUR_USD,1769537260.0,1.19851,1.19866,1.19859
EUR_USD,1769537265.0,1.19845,1.19861,1.19853
EUR_USD,1769537270.0,1.19846,1.19862,1.19854
EUR_USD,1769537275.0,1.19845,1.19862,1.19854
EUR_USD,1769537280.0,1.19849,1.19865,1.19857
EUR_USD,1769537285.0,1.19846,1.19862,1.19854
EUR_USD,1769537290.0,1.19848,1.19864,1.19856
EUR_USD,1769537295.0,1.19839,1.19854,1.19847
EUR_USD,1769537300.0,1.19832,1.19850,1.19841
EUR_USD,1769537305.0,1.19831,1.19848,1.19840
EUR_USD,1769537310.0,1.19825,1.19841,1.19833
EUR_USD,1769537315.0,1.19815,1.19830,1.19822
EUR_USD,1769537320.0,1.19812,1.19830,1.19821
EUR_USD,1769537325.0,1.19810,1.19828,1.19819
EUR_USD,1769537330.0,1.19809,1.19827,1.19818
EUR_USD,1769537335.0,1.19798,1.19815,1.19807
EUR_USD,1769537340.0,1.19790,1.19807,1.19799
EUR_USD,1769537345.0,1.19795,1.19811,1.19803
EUR_USD,1769537350.0,1.19794,1.19811,1.19802
EUR_USD,1769537355.0,1.19798,1.19814,1.19806
EUR_USD,1769537360.0,1.19799,1.19815,1.19807
EUR_USD,1769537365.0,1.19803,1.19820,1.19812
EUR_USD,1769537370.0,1.19799,1.19816,1.19808
EUR_USD,1769537375.0,1.19803,1.19821,1.19812
EUR_USD,1769537380.0,1.19805,1.19823,1.19814
EUR_USD,1769537385.0,1.19797,1.19814,1.19806
EUR_USD,1769537390.0,1.19799,1.19816,1.19808
EUR_USD,1769537395.0,1.19798,1.19816,1.19807
EUR_USD,1769537400.0,1.19795,1.19812,1.19803
EUR_USD,1769537405.0,1.19795,1.19812,1.19803
EUR_USD,1769537410.0,1.19793,1.19810,1.19801
EUR_USD,1769537415.0,1.19790,1.19806,1.19798
EUR_USD,1769537420.0,1.19791,1.19808,1.19800
EUR_USD,1769537425.0,1.19796,1.19813,1.19805
EUR_USD,1769537430.0,1.19796,1.19811,1.19803
EUR_USD,1769537435.0,1.19783,1.19800,1.19792
EUR_USD,1769537440.0,1.19785,1.19802,1.19794
EUR_USD,1769537445.0,1.19787,1.19804,1.19795
EUR_USD,1769537450.0,1.19790,1.19806,1.19798
EUR_USD,1769537455.0,1.19793,1.19810,1.19801
EUR_USD,1769537460.0,1.19776,1.19794,1.19785
EUR_USD,1769537465.0,1.19776,1.19794,1.19785
EUR_USD,1769537470.0,1.19775,1.19793,1.19784
EUR_USD,1769537475.0,1.19774,1.19791,1.19782
EUR_USD,1769537480.0,1.19763,1.19782,1.19773
EUR_USD,1769537485.0,1.19766,1.19784,1.19775
EUR_USD,1769537490.0,1.19765,1.19783,1.19774
EUR_USD,1769537495.0,1.19759,1.19777,1.19768
EUR_USD,1769537500.0,1.19756,1.19774,1.19765
EUR_USD,1769537505.0,1.19757,1.19774,1.19766
EUR_USD,1769537510.0,1.19747,1.19764,1.19755
EUR_USD,1769537515.0,1.19760,1.19775,1.19768
EUR_USD,1769537520.0,1.19751,1.19766,1.19759
EUR_USD,1769537525.0,1.19751,1.19768,1.19760
EUR_USD,1769537530.0,1.19760,1.19775,1.19768
EUR_USD,1769537535.0,1.19762,1.19776,1.19769
EUR_USD,1769537540.0,1.19762,1.19776,1.19769
EUR_USD,1769537545.0,1.19765,1.19780,1.19773
EUR_USD,1769537550.0,1.19766,1.19780,1.19773
EUR_USD,1769537555.0,1.19765,1.19779,1.19772
EUR_USD,1769537560.0,1.19764,1.19779,1.19772
EUR_USD,1769537565.0,1.19771,1.19785,1.19778
EUR_USD,1769537570.0,1.19772,1.19786,1.19779
EUR_USD,1769537575.0,1.19770,1.19786,1.19778
EUR_USD,1769537580.0,1.19771,1.19788,1.19780
EUR_USD,1769537585.0,1.19772,1.19787,1.19779
EUR_USD,1769537590.0,1.19772,1.19786,1.19779
EUR_USD,1769537595.0,1.19768,1.19784,1.19776
EUR_USD,1769537600.0,1.19760,1.19776,1.19768
EUR_USD,1769537605.0,1.19759,1.19777,1.19768
EUR_USD,1769537610.0,1.19744,1.19760,1.19752
EUR_USD,1769537615.0,1.19740,1.19756,1.19748
EUR_USD,1769537620.0,1.19739,1.19754,1.19747
EUR_USD,1769537625.0,1.19734,1.19750,1.19742
EUR_USD,1769537630.0,1.19733,1.19749,1.19741
EUR_USD,1769537635.0,1.19735,1.19751,1.19743
EUR_USD,1769537640.0,1.19731,1.19748,1.19740
EUR_USD,1769537645.0,1.19733,1.19749,1.19741
EUR_USD,1769537650.0,1.19736,1.19751,1.19744
EUR_USD,1769537655.0,1.19731,1.19746,1.19739
EUR_USD,1769537660.0,1.19730,1.19746,1.19738
EUR_USD,1769537665.0,1.19731,1.19747,1.19739
EUR_USD,1769537670.0,1.19730,1.19746,1.19738
EUR_USD,1769537675.0,1.19731,1.19747,1.19739
EUR_USD,1769537680.0,1.19732,1.19747,1.19739
EUR_USD,1769537685.0,1.19733,1.19748,1.19741
EUR_USD,1769537690.0,1.19731,1.19745,1.19738
EUR_USD,1769537695.0,1.19732,1.19747,1.19739
EUR_USD,1769537700.0,1.19731,1.19747,1.19739
EUR_USD,1769537705.0,1.19729,1.19745,1.19737
EUR_USD,1769537710.0,1.19726,1.19741,1.19734
EUR_USD,1769537715.0,1.19730,1.19746,1.19738
EUR_USD,1769537720.0,1.19736,1.19751,1.19744
EUR_USD,1769537725.0,1.19740,1.19756,1.19748
EUR_USD,1769537730.0,1.19747,1.19764,1.19755
EUR_USD,1769537735.0,1.19745,1.19762,1.19753
EUR_USD,1769537740.0,1.19741,1.19756,1.19748
EUR_USD,1769537745.0,1.19740,1.19756,1.19748
EUR_USD,1769537750.0,1.19740,1.19757,1.19748
EUR_USD,1769537755.0,1.19740,1.19755,1.19747
EUR_USD,1769537760.0,1.19735,1.19750,1.19742
EUR_USD,1769537765.0,1.19737,1.19752,1.19745
EUR_USD,1769537770.0,1.19744,1.19759,1.19752
EUR_USD,1769537775.0,1.19740,1.19756,1.19748
EUR_USD,1769537780.0,1.19744,1.19760,1.19752
EUR_USD,1769537785.0,1.19743,1.19759,1.19751
EUR_USD,1769537790.0,1.19744,1.19761,1.19753
EUR_USD,1769537795.0,1.19739,1.19756,1.19747
EUR_USD,1769537800.0,1.19748,1.19764,1.19756
EUR_USD,1769537805.0,1.19753,1.19769,1.19761
EUR_USD,1769537810.0,1.19755,1.19772,1.19764
EUR_USD,1769537815.0,1.19754,1.19771,1.19762
EUR_USD,1769537820.0,1.19747,1.19763,1.19755
EUR_USD,1769537825.0,1.19744,1.19761,1.19753
EUR_USD,1769537830.0,1.19740,1.19755,1.19747
EUR_USD,1769537835.0,1.19740,1.19756,1.19748
EUR_USD,1769537840.0,1.19740,1.19756,1.19748
EUR_USD,1769537845.0,1.19740,1.19756,1.19748
EUR_USD,1769537850.0,1.19741,1.19756,1.19748
EUR_USD,1769537855.0,1.19744,1.19760,1.19752
EUR_USD,1769537860.0,1.19733,1.19750,1.19741
EUR_USD,1769537865.0,1.19733,1.19749,1.19741
EUR_USD,1769537870.0,1.19731,1.19746,1.19739
EUR_USD,1769537875.0,1.19729,1.19745,1.19737
EUR_USD,1769537880.0,1.19730,1.19745,1.19738
EUR_USD,1769537885.0,1.19730,1.19746,1.19738
EUR_USD,1769537890.0,1.19731,1.19746,1.19739
EUR_USD,1769537895.0,1.19728,1.19745,1.19737
EUR_USD,1769537900.0,1.19736,1.19753,1.19745
EUR_USD,1769537905.0,1.19730,1.19747,1.19739
EUR_USD,1769537910.0,1.19738,1.19753,1.19746
EUR_USD,1769537915.0,1.19733,1.19748,1.19741
EUR_USD,1769537920.0,1.19731,1.19747,1.19739
EUR_USD,1769537925.0,1.19734,1.19749,1.19741
EUR_USD,1769537930.0,1.19730,1.19747,1.19739
EUR_USD,1769537935.0,1.19729,1.19745,1.19737
EUR_USD,1769537940.0,1.19724,1.19740,1.19732
EUR_USD,1769537945.0,1.19724,1.19740,1.19732
EUR_USD,1769537950.0,1.19723,1.19740,1.19732
EUR_USD,1769537955.0,1.19726,1.19741,1.19734
EUR_USD,1769537960.0,1.19725,1.19740,1.19732
EUR_USD,1769537965.0,1.19726,1.19741,1.19734
EUR_USD,1769537970.0,1.19723,1.19738,1.19731
EUR_USD,1769537975.0,1.19726,1.19742,1.19734
EUR_USD,1769537980.0,1.19725,1.19740,1.19732
EUR_USD,1769537985.0,1.19725,1.19740,1.19732
EUR_USD,1769537990.0,1.19726,1.19742,1.19734
EUR_USD,1769537995.0,1.19713,1.19729,1.19721
EUR_USD,1769538000.0,1.19714,1.19730,1.19722
EUR_USD,1769538005.0,1.19714,1.19730,1.19722
EUR_USD,1769538010.0,1.19715,1.19730,1.19722
EUR_USD,1769538015.0,1.19716,1.19732,1.19724
EUR_USD,1769538020.0,1.19721,1.19737,1.19729
EUR_USD,1769538025.0,1.19726,1.19742,1.19734
EUR_USD,1769538030.0,1.19727,1.19744,1.19735
EUR_USD,1769538035.0,1.19738,1.19755,1.19747
EUR_USD,1769538040.0,1.19732,1.19748,1.19740
EUR_USD,1769538045.0,1.19732,1.19748,1.19740
EUR_USD,1769538050.0,1.19732,1.19749,1.19740
EUR_USD,1769538055.0,1.19727,1.19744,1.19735
EUR_USD,1769538060.0,1.19729,1.19745,1.19737
EUR_USD,1769538065.0,1.19721,1.19738,1.19729
EUR_USD,1769538070.0,1.19721,1.19737,1.19729
EUR_USD,1769538075.0,1.19726,1.19741,1.19734
EUR_USD,1769538080.0,1.19725,1.19742,1.19733
EUR_USD,1769538085.0,1.19724,1.19740,1.19732
EUR_USD,1769538090.0,1.19711,1.19727,1.19719
EUR_USD,1769538095.0,1.19709,1.19726,1.19718
EUR_USD,1769538100.0,1.19712,1.19728,1.19720
EUR_USD,1769538105.0,1.19716,1.19731,1.19724
EUR_USD,1769538110.0,1.19716,1.19731,1.19724
EUR_USD,1769538115.0,1.19723,1.19740,1.19732
EUR_USD,1769538120.0,1.19718,1.19735,1.19726
EUR_USD,1769538125.0,1.19720,1.19736,1.19728
EUR_USD,1769538130.0,1.19730,1.19747,1.19739
EUR_USD,1769538135.0,1.19734,1.19750,1.19742
EUR_USD,1769538140.0,1.19731,1.19748,1.19740
EUR_USD,1769538145.0,1.19734,1.19751,1.19742
EUR_USD,1769538150.0,1.19732,1.19749,1.19740
EUR_USD,1769538155.0,1.19733,1.19750,1.19741
EUR_USD,1769538160.0,1.19735,1.19751,1.19743
EUR_USD,1769538165.0,1.19737,1.19753,1.19745
EUR_USD,1769538170.0,1.19743,1.19759,1.19751
EUR_USD,1769538175.0,1.19741,1.19757,1.19749
EUR_USD,1769538180.0,1.19743,1.19758,1.19751
EUR_USD,1769538185.0,1.19744,1.19758,1.19751
EUR_USD,1769538190.0,1.19742,1.19756,1.19749
EUR_USD,1769538195.0,1.19742,1.19757,1.19749
EUR_USD,1769538200.0,1.19752,1.19768,1.19760
EUR_USD,1769538205.0,1.19759,1.19777,1.19768
EUR_USD,1769538210.0,1.19760,1.19777,1.19768
EUR_USD,1769538215.0,1.19760,1.19778,1.19769
EUR_USD,1769538220.0,1.19758,1.19775,1.19767
EUR_USD,1769538225.0,1.19758,1.19775,1.19767
EUR_USD,1769538230.0,1.19763,1.19780,1.19772
EUR_USD,1769538235.0,1.19765,1.19783,1.19774
EUR_USD,1769538240.0,1.19773,1.19790,1.19781
EUR_USD,1769538245.0,1.19778,1.19794,1.19786
EUR_USD,1769538250.0,1.19780,1.19798,1.19789
EUR_USD,1769538255.0,1.19773,1.19791,1.19782
EUR_USD,1769538260.0,1.19775,1.19791,1.19783
EUR_USD,1769538265.0,1.19779,1.19795,1.19787
EUR_USD,1769538270.0,1.19780,1.19797,1.19788
EUR_USD,1769538275.0,1.19778,1.19795,1.19787
EUR_USD,1769538280.0,1.19778,1.19792,1.19785
EUR_USD,1769538285.0,1.19773,1.19790,1.19781
EUR_USD,1769538290.0,1.19765,1.19782,1.19774
EUR_USD,1769538295.0,1.19768,1.19784,1.19776
EUR_USD,1769538300.0,1.19769,1.19786,1.19778
EUR_USD,1769538305.0,1.19769,1.19786,1.19778
EUR_USD,1769538310.0,1.19761,1.19778,1.19769
EUR_USD,1769538315.0,1.19759,1.19775,1.19767
EUR_USD,1769538320.0,1.19763,1.19780,1.19772
EUR_USD,1769538325.0,1.19760,1.19777,1.19768
EUR_USD,1769538330.0,1.19768,1.19785,1.19776
EUR_USD,1769538335.0,1.19762,1.19778,1.19770
EUR_USD,1769538340.0,1.19765,1.19782,1.19774
EUR_USD,1769538345.0,1.19763,1.19780,1.19772
EUR_USD,1769538350.0,1.19760,1.19777,1.19768
EUR_USD,1769538355.0,1.19764,1.19781,1.19773
EUR_USD,1769538360.0,1.19764,1.19781,1.19773
EUR_USD,1769538365.0,1.19764,1.19780,1.19772
EUR_USD,1769538370.0,1.19768,1.19786,1.19777
EUR_USD,1769538375.0,1.19769,1.19785,1.19777
EUR_USD,1769538380.0,1.19769,1.19785,1.19777
EUR_USD,1769538385.0,1.19769,1.19784,1.19776
EUR_USD,1769538390.0,1.19765,1.19780,1.19773
EUR_USD,1769538395.0,1.19765,1.19780,1.19773
EUR_USD,1769538400.0,1.19761,1.19777,1.19769
EUR_USD,1769538405.0,1.19760,1.19776,1.19768
EUR_USD,1769538410.0,1.19753,1.19770,1.19761
EUR_USD,1769538415.0,1.19749,1.19766,1.19758
EUR_USD,1769538420.0,1.19749,1.19765,1.19757
EUR_USD,1769538425.0,1.19744,1.19760,1.19752
EUR_USD,1769538430.0,1.19743,1.19761,1.19752
EUR_USD,1769538435.0,1.19743,1.19760,1.19752
EUR_USD,1769538440.0,1.19744,1.19761,1.19753
EUR_USD,1769538445.0,1.19743,1.19760,1.19752
EUR_USD,1769538450.0,1.19739,1.19757,1.19748
EUR_USD,1769538455.0,1.19738,1.19756,1.19747
EUR_USD,1769538460.0,1.19739,1.19756,1.19747
EUR_USD,1769538465.0,1.19740,1.19756,1.19748
EUR_USD,1769538470.0,1.19739,1.19756,1.19747
EUR_USD,1769538475.0,1.19743,1.19760,1.19752
EUR_USD,1769538480.0,1.19743,1.19760,1.19752
EUR_USD,1769538485.0,1.19738,1.19755,1.19747
EUR_USD,1769538490.0,1.19738,1.19755,1.19747
EUR_USD,1769538495.0,1.19738,1.19755,1.19747
EUR_USD,1769538500.0,1.19738,1.19755,1.19747
EUR_USD,1769538505.0,1.19738,1.19756,1.19747
EUR_USD,1769538510.0,1.19738,1.19755,1.19747
EUR_USD,1769538515.0,1.19738,1.19756,1.19747
EUR_USD,1769538520.0,1.19744,1.19761,1.19753
EUR_USD,1769538525.0,1.19745,1.19762,1.19753
EUR_USD,1769538530.0,1.19738,1.19757,1.19748
EUR_USD,1769538535.0,1.19737,1.19753,1.19745
EUR_USD,1769538540.0,1.19739,1.19755,1.19747
EUR_USD,1769538545.0,1.19740,1.19755,1.19747
EUR_USD,1769538550.0,1.19743,1.19760,1.19752
EUR_USD,1769538555.0,1.19743,1.19760,1.19752
EUR_USD,1769538560.0,1.19743,1.19760,1.19752
EUR_USD,1769538565.0,1.19739,1.19756,1.19747
EUR_USD,1769538570.0,1.19744,1.19759,1.19752
EUR_USD,1769538575.0,1.19744,1.19761,1.19753
EUR_USD,1769538580.0,1.19744,1.19761,1.19753
EUR_USD,1769538585.0,1.19748,1.19764,1.19756
EUR_USD,1769538590.0,1.19753,1.19769,1.19761
EUR_USD,1769538595.0,1.19750,1.19766,1.19758
EUR_USD,1769538600.0,1.19758,1.19774,1.19766
EUR_USD,1769538605.0,1.19756,1.19773,1.19765
EUR_USD,1769538610.0,1.19757,1.19773,1.19765
EUR_USD,1769538615.0,1.19755,1.19772,1.19764
EUR_USD,1769538620.0,1.19756,1.19772,1.19764
EUR_USD,1769538625.0,1.19754,1.19771,1.19762
EUR_USD,1769538630.0,1.19771,1.19789,1.19780
EUR_USD,1769538635.0,1.19770,1.19786,1.19778
EUR_USD,1769538640.0,1.19780,1.19795,1.19788
EUR_USD,1769538645.0,1.19781,1.19795,1.19788
EUR_USD,1769538650.0,1.19775,1.19791,1.19783
EUR_USD,1769538655.0,1.19774,1.19791,1.19782
EUR_USD,1769538660.0,1.19771,1.19788,1.19780
EUR_USD,1769538665.0,1.19773,1.19791,1.19782
EUR_USD,1769538670.0,1.19768,1.19784,1.19776
EUR_USD,1769538675.0,1.19767,1.19784,1.19775
EUR_USD,1769538680.0,1.19773,1.19790,1.19781
EUR_USD,1769538685.0,1.19774,1.19790,1.19782
EUR_USD,1769538690.0,1.19780,1.19795,1.19788
EUR_USD,1769538695.0,1.19775,1.19790,1.19782
EUR_USD,1769538700.0,1.19777,1.19793,1.19785
EUR_USD,1769538705.0,1.19789,1.19806,1.19798
EUR_USD,1769538710.0,1.19794,1.19811,1.19802
EUR_USD,1769538715.0,1.19796,1.19812,1.19804
EUR_USD,1769538720.0,1.19790,1.19806,1.19798
EUR_USD,1769538725.0,1.19784,1.19800,1.19792
EUR_USD,1769538730.0,1.19791,1.19807,1.19799
EUR_USD,1769538735.0,1.19793,1.19810,1.19801
EUR_USD,1769538740.0,1.19794,1.19808,1.19801
EUR_USD,1769538745.0,1.19787,1.19802,1.19795
EUR_USD,1769538750.0,1.19771,1.19786,1.19779
EUR_USD,1769538755.0,1.19773,1.19788,1.19781
EUR_USD,1769538760.0,1.19775,1.19790,1.19782
EUR_USD,1769538765.0,1.19777,1.19792,1.19785
EUR_USD,1769538770.0,1.19775,1.19792,1.19783
EUR_USD,1769538775.0,1.19775,1.19791,1.19783
EUR_USD,1769538780.0,1.19776,1.19792,1.19784
EUR_USD,1769538785.0,1.19773,1.19789,1.19781
EUR_USD,1769538790.0,1.19765,1.19781,1.19773
EUR_USD,1769538795.0,1.19760,1.19775,1.19768
EUR_USD,1769538800.0,1.19786,1.19804,1.19795
EUR_USD,1769538805.0,1.19781,1.19797,1.19789
EUR_USD,1769538810.0,1.19786,1.19803,1.19794
EUR_USD,1769538815.0,1.19793,1.19808,1.19800
EUR_USD,1769538820.0,1.19790,1.19806,1.19798
EUR_USD,1769538825.0,1.19784,1.19800,1.19792
EUR_USD,1769538830.0,1.19776,1.19793,1.19785
EUR_USD,1769538835.0,1.19776,1.19791,1.19783
EUR_USD,1769538840.0,1.19775,1.19791,1.19783
EUR_USD,1769538845.0,1.19777,1.19792,1.19785
EUR_USD,1769538850.0,1.19781,1.19797,1.19789
EUR_USD,1769538855.0,1.19778,1.19793,1.19786
EUR_USD,1769538860.0,1.19776,1.19792,1.19784
EUR_USD,1769538865.0,1.19780,1.19795,1.19788
EUR_USD,1769538870.0,1.19773,1.19788,1.19781
EUR_USD,1769538875.0,1.19771,1.19787,1.19779
EUR_USD,1769538880.0,1.19778,1.19794,1.19786
EUR_USD,1769538885.0,1.19769,1.19786,1.19778
EUR_USD,1769538890.0,1.19771,1.19788,1.19780
EUR_USD,1769538895.0,1.19777,1.19794,1.19786
EUR_USD,1769538900.0,1.19774,1.19792,1.19783
EUR_USD,1769538905.0,1.19781,1.19797,1.19789
EUR_USD,1769538910.0,1.19778,1.19795,1.19787
EUR_USD,1769538915.0,1.19778,1.19795,1.19787
EUR_USD,1769538920.0,1.19778,1.19795,1.19787
EUR_USD,1769538925.0,1.19773,1.19788,1.19781
EUR_USD,1769538930.0,1.19771,1.19787,1.19779
EUR_USD,1769538935.0,1.19758,1.19776,1.19767
EUR_USD,1769538940.0,1.19756,1.19771,1.19764
EUR_USD,1769538945.0,1.19756,1.19772,1.19764
EUR_USD,1769538950.0,1.19754,1.19771,1.19762
EUR_USD,1769538955.0,1.19759,1.19776,1.19767
EUR_USD,1769538960.0,1.19758,1.19776,1.19767
EUR_USD,1769538965.0,1.19758,1.19775,1.19767
EUR_USD,1769538970.0,1.19755,1.19772,1.19764
EUR_USD,1769538975.0,1.19755,1.19773,1.19764
EUR_USD,1769538980.0,1.19760,1.19776,1.19768
EUR_USD,1769538985.0,1.19765,1.19782,1.19774
EUR_USD,1769538990.0,1.19768,1.19785,1.19776
EUR_USD,1769538995.0,1.19761,1.19777,1.19769
EUR_USD,1769539000.0,1.19764,1.19780,1.19772
EUR_USD,1769539005.0,1.19763,1.19781,1.19772
EUR_USD,1769539010.0,1.19764,1.19780,1.19772
EUR_USD,1769539015.0,1.19767,1.19783,1.19775
EUR_USD,1769539020.0,1.19769,1.19785,1.19777
EUR_USD,1769539025.0,1.19768,1.19785,1.19776
EUR_USD,1769539030.0,1.19768,1.19786,1.19777
EUR_USD,1769539035.0,1.19769,1.19785,1.19777
EUR_USD,1769539040.0,1.19769,1.19785,1.19777
EUR_USD,1769539045.0,1.19779,1.19795,1.19787
EUR_USD,1769539050.0,1.19780,1.19796,1.19788
EUR_USD,1769539055.0,1.19779,1.19794,1.19786
EUR_USD,1769539060.0,1.19779,1.19794,1.19786
EUR_USD,1769539065.0,1.19780,1.19796,1.19788
EUR_USD,1769539070.0,1.19777,1.19794,1.19786
EUR_USD,1769539075.0,1.19790,1.19805,1.19798
EUR_USD,1769539080.0,1.19791,1.19806,1.19799
EUR_USD,1769539085.0,1.19785,1.19801,1.19793
EUR_USD,1769539090.0,1.19783,1.19800,1.19792
EUR_USD,1769539095.0,1.19784,1.19801,1.19793
EUR_USD,1769539100.0,1.19782,1.19799,1.19790
EUR_USD,1769539105.0,1.19780,1.19796,1.19788
EUR_USD,1769539110.0,1.19783,1.19799,1.19791
EUR_USD,1769539115.0,1.19780,1.19797,1.19788
EUR_USD,1769539120.0,1.19782,1.19798,1.19790
EUR_USD,1769539125.0,1.19780,1.19796,1.19788
EUR_USD,1769539130.0,1.19780,1.19796,1.19788
EUR_USD,1769539135.0,1.19780,1.19797,1.19788
EUR_USD,1769539140.0,1.19779,1.19796,1.19787
EUR_USD,1769539145.0,1.19783,1.19799,1.19791
EUR_USD,1769539150.0,1.19784,1.19801,1.19793
EUR_USD,1769539155.0,1.19782,1.19799,1.19790
EUR_USD,1769539160.0,1.19782,1.19798,1.19790
EUR_USD,1769539165.0,1.19781,1.19798,1.19789
EUR_USD,1769539170.0,1.19783,1.19801,1.19792
EUR_USD,1769539175.0,1.19783,1.19801,1.19792
EUR_USD,1769539180.0,1.19784,1.19801,1.19793
EUR_USD,1769539185.0,1.19781,1.19797,1.19789
EUR_USD,1769539190.0,1.19784,1.19802,1.19793
EUR_USD,1769539195.0,1.19781,1.19798,1.19789
EUR_USD,1769539200.0,1.19778,1.19796,1.19787
EUR_USD,1769539205.0,1.19778,1.19797,1.19788
EUR_USD,1769539210.0,1.19780,1.19797,1.19788
EUR_USD,1769539215.0,1.19781,1.19798,1.19789
EUR_USD,1769539220.0,1.19773,1.19791,1.19782
EUR_USD,1769539225.0,1.19775,1.19792,1.19783
EUR_USD,1769539230.0,1.19779,1.19796,1.19787
EUR_USD,1769539235.0,1.19780,1.19796,1.19788
EUR_USD,1769539240.0,1.19784,1.19800,1.19792
EUR_USD,1769539245.0,1.19783,1.19801,1.19792
EUR_USD,1769539250.0,1.19785,1.19801,1.19793
EUR_USD,1769539255.0,1.19785,1.19801,1.19793
EUR_USD,1769539260.0,1.19787,1.19803,1.19795
EUR_USD,1769539265.0,1.19786,1.19803,1.19794
EUR_USD,1769539270.0,1.19793,1.19811,1.19802
EUR_USD,1769539275.0,1.19794,1.19810,1.19802
EUR_USD,1769539280.0,1.19784,1.19800,1.19792
EUR_USD,1769539285.0,1.19784,1.19800,1.19792
EUR_USD,1769539290.0,1.19785,1.19801,1.19793
EUR_USD,1769539295.0,1.19785,1.19801,1.19793
EUR_USD,1769539300.0,1.19789,1.19806,1.19798
EUR_USD,1769539305.0,1.19786,1.19802,1.19794
EUR_USD,1769539310.0,1.19783,1.19800,1.19792
EUR_USD,1769539315.0,1.19784,1.19800,1.19792
EUR_USD,1769539320.0,1.19786,1.19802,1.19794
EUR_USD,1769539325.0,1.19784,1.19800,1.19792
EUR_USD,1769539330.0,1.19785,1.19801,1.19793
EUR_USD,1769539335.0,1.19784,1.19800,1.19792
EUR_USD,1769539340.0,1.19779,1.19796,1.19787
EUR_USD,1769539345.0,1.19783,1.19799,1.19791
EUR_USD,1769539350.0,1.19775,1.19793,1.19784
EUR_USD,1769539355.0,1.19778,1.19795,1.19787
EUR_USD,1769539360.0,1.19778,1.19795,1.19787
EUR_USD,1769539365.0,1.19778,1.19795,1.19787
EUR_USD,1769539370.0,1.19778,1.19795,1.19787
EUR_USD,1769539375.0,1.19777,1.19792,1.19785
EUR_USD,1769539380.0,1.19781,1.19797,1.19789
EUR_USD,1769539385.0,1.19790,1.19808,1.19799
EUR_USD,1769539390.0,1.19786,1.19803,1.19794
EUR_USD,1769539395.0,1.19788,1.19805,1.19796
EUR_USD,1769539400.0,1.19788,1.19805,1.19796
EUR_USD,1769539405.0,1.19786,1.19803,1.19794
EUR_USD,1769539410.0,1.19783,1.19801,1.19792
EUR_USD,1769539415.0,1.19786,1.19802,1.19794
EUR_USD,1769539420.0,1.19784,1.19801,1.19793
EUR_USD,1769539425.0,1.19783,1.19801,1.19792
EUR_USD,1769539430.0,1.19781,1.19797,1.19789
EUR_USD,1769539435.0,1.19784,1.19802,1.19793
EUR_USD,1769539440.0,1.19780,1.19797,1.19788
EUR_USD,1769539445.0,1.19773,1.19790,1.19781
EUR_USD,1769539450.0,1.19768,1.19786,1.19777
EUR_USD,1769539455.0,1.19761,1.19779,1.19770
EUR_USD,1769539460.0,1.19760,1.19777,1.19768
EUR_USD,1769539465.0,1.19763,1.19779,1.19771
EUR_USD,1769539470.0,1.19755,1.19770,1.19762
EUR_USD,1769539475.0,1.19756,1.19771,1.19764
EUR_USD,1769539480.0,1.19758,1.19773,1.19766
EUR_USD,1769539485.0,1.19759,1.19775,1.19767
EUR_USD,1769539490.0,1.19761,1.19778,1.19769
EUR_USD,1769539495.0,1.19759,1.19774,1.19766
EUR_USD,1769539500.0,1.19760,1.19775,1.19768
EUR_USD,1769539505.0,1.19762,1.19778,1.19770
EUR_USD,1769539510.0,1.19760,1.19776,1.19768
EUR_USD,1769539515.0,1.19762,1.19778,1.19770
EUR_USD,1769539520.0,1.19761,1.19777,1.19769
EUR_USD,1769539525.0,1.19758,1.19776,1.19767
EUR_USD,1769539530.0,1.19759,1.19775,1.19767
EUR_USD,1769539535.0,1.19760,1.19775,1.19768
EUR_USD,1769539540.0,1.19759,1.19775,1.19767
EUR_USD,1769539545.0,1.19762,1.19779,1.19771
EUR_USD,1769539550.0,1.19763,1.19779,1.19771
EUR_USD,1769539555.0,1.19759,1.19776,1.19767
EUR_USD,1769539560.0,1.19758,1.19774,1.19766
EUR_USD,1769539565.0,1.19759,1.19776,1.19767
EUR_USD,1769539570.0,1.19766,1.19783,1.19774
EUR_USD,1769539575.0,1.19767,1.19783,1.19775
EUR_USD,1769539580.0,1.19768,1.19785,1.19776
EUR_USD,1769539585.0,1.19768,1.19785,1.19776
EUR_USD,1769539590.0,1.19761,1.19777,1.19769
EUR_USD,1769539595.0,1.19763,1.19779,1.19771
EUR_USD,1769539600.0,1.19763,1.19780,1.19772
EUR_USD,1769539605.0,1.19768,1.19786,1.19777
EUR_USD,1769539610.0,1.19768,1.19786,1.19777
EUR_USD,1769539615.0,1.19768,1.19786,1.19777
EUR_USD,1769539620.0,1.19755,1.19771,1.19763
EUR_USD,1769539625.0,1.19754,1.19772,1.19763
EUR_USD,1769539630.0,1.19758,1.19774,1.19766
EUR_USD,1769539635.0,1.19762,1.19780,1.19771
EUR_USD,1769539640.0,1.19762,1.19779,1.19771
EUR_USD,1769539645.0,1.19758,1.19776,1.19767
EUR_USD,1769539650.0,1.19743,1.19762,1.19752
EUR_USD,1769539655.0,1.19749,1.19767,1.19758
EUR_USD,1769539660.0,1.19749,1.19766,1.19758
EUR_USD,1769539665.0,1.19750,1.19767,1.19759
EUR_USD,1769539670.0,1.19754,1.19770,1.19762
EUR_USD,1769539675.0,1.19751,1.19768,1.19760
EUR_USD,1769539680.0,1.19749,1.19765,1.19757
EUR_USD,1769539685.0,1.19747,1.19763,1.19755
EUR_USD,1769539690.0,1.19749,1.19766,1.19758
EUR_USD,1769539695.0,1.19754,1.19771,1.19762
EUR_USD,1769539700.0,1.19764,1.19780,1.19772
EUR_USD,1769539705.0,1.19765,1.19782,1.19774
EUR_USD,1769539710.0,1.19764,1.19781,1.19773
EUR_USD,1769539715.0,1.19765,1.19782,1.19774
EUR_USD,1769539720.0,1.19764,1.19780,1.19772
EUR_USD,1769539725.0,1.19764,1.19779,1.19772
EUR_USD,1769539730.0,1.19761,1.19777,1.19769
EUR_USD,1769539735.0,1.19760,1.19775,1.19768
EUR_USD,1769539740.0,1.19759,1.19775,1.19767
EUR_USD,1769539745.0,1.19768,1.19785,1.19776
EUR_USD,1769539750.0,1.19770,1.19786,1.19778
EUR_USD,1769539755.0,1.19771,1.19786,1.19779
EUR_USD,1769539760.0,1.19768,1.19784,1.19776
EUR_USD,1769539765.0,1.19770,1.19787,1.19779
EUR_USD,1769539770.0,1.19770,1.19786,1.19778
EUR_USD,1769539775.0,1.19774,1.19789,1.19781
EUR_USD,1769539780.0,1.19792,1.19809,1.19801
EUR_USD,1769539785.0,1.19787,1.19804,1.19795
EUR_USD,1769539790.0,1.19790,1.19807,1.19799
EUR_USD,1769539795.0,1.19791,1.19808,1.19800
EUR_USD,1769539800.0,1.19791,1.19808,1.19800
EUR_USD,1769539805.0,1.19794,1.19811,1.19802
EUR_USD,1769539810.0,1.19809,1.19825,1.19817
EUR_USD,1769539815.0,1.19812,1.19826,1.19819
EUR_USD,1769539820.0,1.19810,1.19825,1.19817
EUR_USD,1769539825.0,1.19806,1.19821,1.19813
EUR_USD,1769539830.0,1.19804,1.19821,1.19813
EUR_USD,1769539835.0,1.19795,1.19811,1.19803
EUR_USD,1769539840.0,1.19794,1.19811,1.19802
EUR_USD,1769539845.0,1.19793,1.19809,1.19801
EUR_USD,1769539850.0,1.19798,1.19815,1.19807
EUR_USD,1769539855.0,1.19801,1.19817,1.19809
EUR_USD,1769539860.0,1.19799,1.19816,1.19808
EUR_USD,1769539865.0,1.19798,1.19815,1.19807
EUR_USD,1769539870.0,1.19798,1.19815,1.19807
EUR_USD,1769539875.0,1.19799,1.19815,1.19807
EUR_USD,1769539880.0,1.19800,1.19817,1.19808
EUR_USD,1769539885.0,1.19799,1.19816,1.19808
EUR_USD,1769539890.0,1.19802,1.19818,1.19810
EUR_USD,1769539895.0,1.19804,1.19820,1.19812
EUR_USD,1769539900.0,1.19803,1.19819,1.19811
EUR_USD,1769539905.0,1.19804,1.19821,1.19813
EUR_USD,1769539910.0,1.19804,1.19820,1.19812
EUR_USD,1769539915.0,1.19807,1.19821,1.19814
EUR_USD,1769539920.0,1.19804,1.19819,1.19812
EUR_USD,1769539925.0,1.19814,1.19829,1.19822
EUR_USD,1769539930.0,1.19816,1.19832,1.19824
EUR_USD,1769539935.0,1.19815,1.19830,1.19822
EUR_USD,1769539940.0,1.19826,1.19841,1.19834
EUR_USD,1769539945.0,1.19826,1.19841,1.19834
EUR_USD,1769539950.0,1.19826,1.19841,1.19834
EUR_USD,1769539955.0,1.19842,1.19858,1.19850
EUR_USD,1769539960.0,1.19840,1.19857,1.19848
EUR_USD,1769539965.0,1.19841,1.19857,1.19849
EUR_USD,1769539970.0,1.19843,1.19860,1.19851
EUR_USD,1769539975.0,1.19843,1.19860,1.19851
EUR_USD,1769539980.0,1.19843,1.19860,1.19851
EUR_USD,1769539985.0,1.19849,1.19865,1.19857
EUR_USD,1769539990.0,1.19840,1.19856,1.19848
EUR_USD,1769539995.0,1.19840,1.19857,1.19848
EUR_USD,1769540000.0,1.19839,1.19856,1.19848
EUR_USD,1769540005.0,1.19835,1.19851,1.19843
EUR_USD,1769540010.0,1.19833,1.19851,1.19842
EUR_USD,1769540015.0,1.19833,1.19850,1.19841
EUR_USD,1769540020.0,1.19829,1.19846,1.19837
EUR_USD,1769540025.0,1.19838,1.19855,1.19847
EUR_USD,1769540030.0,1.19835,1.19851,1.19843
EUR_USD,1769540035.0,1.19833,1.19850,1.19841
EUR_USD,1769540040.0,1.19831,1.19848,1.19840
EUR_USD,1769540045.0,1.19830,1.19846,1.19838
EUR_USD,1769540050.0,1.19832,1.19849,1.19841
EUR_USD,1769540055.0,1.19834,1.19850,1.19842
EUR_USD,1769540060.0,1.19832,1.19847,1.19840
EUR_USD,1769540065.0,1.19831,1.19847,1.19839
EUR_USD,1769540070.0,1.19829,1.19846,1.19837
EUR_USD,1769540075.0,1.19832,1.19847,1.19840
EUR_USD,1769540080.0,1.19832,1.19847,1.19840
EUR_USD,1769540085.0,1.19828,1.19845,1.19836
EUR_USD,1769540090.0,1.19838,1.19854,1.19846
EUR_USD,1769540095.0,1.19831,1.19846,1.19839
EUR_USD,1769540100.0,1.19834,1.19850,1.19842
EUR_USD,1769540105.0,1.19832,1.19848,1.19840
EUR_USD,1769540110.0,1.19832,1.19849,1.19841
EUR_USD,1769540115.0,1.19830,1.19845,1.19837
EUR_USD,1769540120.0,1.19830,1.19846,1.19838
EUR_USD,1769540125.0,1.19823,1.19840,1.19832
EUR_USD,1769540130.0,1.19821,1.19839,1.19830
EUR_USD,1769540135.0,1.19821,1.19838,1.19829
EUR_USD,1769540140.0,1.19822,1.19838,1.19830
EUR_USD,1769540145.0,1.19809,1.19825,1.19817
EUR_USD,1769540150.0,1.19810,1.19825,1.19817
EUR_USD,1769540155.0,1.19809,1.19825,1.19817
EUR_USD,1769540160.0,1.19809,1.19825,1.19817
EUR_USD,1769540165.0,1.19809,1.19826,1.19817
EUR_USD,1769540170.0,1.19820,1.19837,1.19828
EUR_USD,1769540175.0,1.19819,1.19835,1.19827
EUR_USD,1769540180.0,1.19819,1.19835,1.19827
EUR_USD,1769540185.0,1.19818,1.19835,1.19827
EUR_USD,1769540190.0,1.19814,1.19831,1.19822
EUR_USD,1769540195.0,1.19809,1.19825,1.19817
EUR_USD,1769540200.0,1.19809,1.19825,1.19817
EUR_USD,1769540205.0,1.19809,1.19825,1.19817
EUR_USD,1769540210.0,1.19809,1.19825,1.19817
EUR_USD,1769540215.0,1.19816,1.19831,1.19823
EUR_USD,1769540220.0,1.19810,1.19826,1.19818
EUR_USD,1769540225.0,1.19810,1.19826,1.19818
EUR_USD,1769540230.0,1.19810,1.19826,1.19818
EUR_USD,1769540235.0,1.19809,1.19825,1.19817
EUR_USD,1769540240.0,1.19809,1.19825,1.19817
EUR_USD,1769540245.0,1.19809,1.19825,1.19817
EUR_USD,1769540250.0,1.19798,1.19816,1.19807
EUR_USD,1769540255.0,1.19801,1.19818,1.19809
EUR_USD,1769540260.0,1.19801,1.19816,1.19808
EUR_USD,1769540265.0,1.19801,1.19818,1.19809
EUR_USD,1769540270.0,1.19800,1.19816,1.19808
EUR_USD,1769540275.0,1.19801,1.19816,1.19808
EUR_USD,1769540280.0,1.19801,1.19816,1.19808
EUR_USD,1769540285.0,1.19799,1.19816,1.19808
EUR_USD,1769540290.0,1.19791,1.19808,1.19800
EUR_USD,1769540295.0,1.19792,1.19807,1.19800
EUR_USD,1769540300.0,1.19803,1.19819,1.19811
EUR_USD,1769540305.0,1.19802,1.19818,1.19810
EUR_USD,1769540310.0,1.19802,1.19818,1.19810
EUR_USD,1769540315.0,1.19800,1.19816,1.19808
EUR_USD,1769540320.0,1.19800,1.19816,1.19808
EUR_USD,1769540325.0,1.19803,1.19818,1.19810
EUR_USD,1769540330.0,1.19797,1.19813,1.19805
EUR_USD,1769540335.0,1.19785,1.19799,1.19792
EUR_USD,1769540340.0,1.19785,1.19800,1.19793
EUR_USD,1769540345.0,1.19780,1.19794,1.19787
EUR_USD,1769540350.0,1.19782,1.19797,1.19789
EUR_USD,1769540355.0,1.19774,1.19790,1.19782
EUR_USD,1769540360.0,1.19774,1.19790,1.19782
EUR_USD,1769540365.0,1.19778,1.19793,1.19786
EUR_USD,1769540370.0,1.19780,1.19795,1.19788
EUR_USD,1769540375.0,1.19784,1.19800,1.19792
EUR_USD,1769540380.0,1.19782,1.19798,1.19790
EUR_USD,1769540385.0,1.19783,1.19800,1.19792
EUR_USD,1769540390.0,1.19781,1.19796,1.19788
EUR_USD,1769540395.0,1.19769,1.19786,1.19778
EUR_USD,1769540400.0,1.19765,1.19780,1.19773
EUR_USD,1769540405.0,1.19765,1.19781,1.19773
EUR_USD,1769540410.0,1.19764,1.19780,1.19772
EUR_USD,1769540415.0,1.19770,1.19786,1.19778
EUR_USD,1769540420.0,1.19770,1.19786,1.19778
EUR_USD,1769540425.0,1.19765,1.19782,1.19774
EUR_USD,1769540430.0,1.19759,1.19776,1.19767
EUR_USD,1769540435.0,1.19759,1.19774,1.19766
EUR_USD,1769540440.0,1.19759,1.19774,1.19766
EUR_USD,1769540445.0,1.19760,1.19775,1.19768
EUR_USD,1769540450.0,1.19758,1.19775,1.19767
EUR_USD,1769540455.0,1.19760,1.19776,1.19768
EUR_USD,1769540460.0,1.19759,1.19775,1.19767
EUR_USD,1769540465.0,1.19755,1.19772,1.19764
EUR_USD,1769540470.0,1.19756,1.19772,1.19764
EUR_USD,1769540475.0,1.19754,1.19771,1.19762
EUR_USD,1769540480.0,1.19754,1.19771,1.19762
EUR_USD,1769540485.0,1.19754,1.19771,1.19762
EUR_USD,1769540490.0,1.19754,1.19771,1.19762
EUR_USD,1769540495.0,1.19754,1.19771,1.19762
EUR_USD,1769540500.0,1.19758,1.19775,1.19767
EUR_USD,1769540505.0,1.19757,1.19773,1.19765
EUR_USD,1769540510.0,1.19756,1.19771,1.19764
EUR_USD,1769540515.0,1.19756,1.19771,1.19764
EUR_USD,1769540520.0,1.19761,1.19776,1.19768
EUR_USD,1769540525.0,1.19768,1.19785,1.19776
EUR_USD,1769540530.0,1.19770,1.19785,1.19778
EUR_USD,1769540535.0,1.19771,1.19786,1.19779
EUR_USD,1769540540.0,1.19770,1.19785,1.19778
EUR_USD,1769540545.0,1.19769,1.19785,1.19777
EUR_USD,1769540550.0,1.19762,1.19778,1.19770
EUR_USD,1769540555.0,1.19759,1.19775,1.19767
EUR_USD,1769540560.0,1.19760,1.19777,1.19768
EUR_USD,1769540565.0,1.19752,1.19767,1.19759
EUR_USD,1769540570.0,1.19753,1.19768,1.19761
EUR_USD,1769540575.0,1.19754,1.19770,1.19762
EUR_USD,1769540580.0,1.19752,1.19768,1.19760
EUR_USD,1769540585.0,1.19752,1.19768,1.19760
EUR_USD,1769540590.0,1.19753,1.19769,1.19761
EUR_USD,1769540595.0,1.19757,1.19773,1.19765
EUR_USD,1769540600.0,1.19757,1.19773,1.19765
EUR_USD,1769540605.0,1.19755,1.19771,1.19763
EUR_USD,1769540610.0,1.19756,1.19772,1.19764
EUR_USD,1769540615.0,1.19756,1.19772,1.19764
EUR_USD,1769540620.0,1.19754,1.19770,1.19762
EUR_USD,1769540625.0,1.19749,1.19765,1.19757
EUR_USD,1769540630.0,1.19745,1.19761,1.19753
EUR_USD,1769540635.0,1.19740,1.19756,1.19748
EUR_USD,1769540640.0,1.19734,1.19751,1.19742
EUR_USD,1769540645.0,1.19736,1.19754,1.19745
EUR_USD,1769540650.0,1.19745,1.19762,1.19753
EUR_USD,1769540655.0,1.19755,1.19771,1.19763
EUR_USD,1769540660.0,1.19763,1.19781,1.19772
EUR_USD,1769540665.0,1.19767,1.19785,1.19776
EUR_USD,1769540670.0,1.19765,1.19781,1.19773
EUR_USD,1769540675.0,1.19775,1.19792,1.19783
EUR_USD,1769540680.0,1.19775,1.19792,1.19783
EUR_USD,1769540685.0,1.19782,1.19797,1.19789
EUR_USD,1769540690.0,1.19784,1.19801,1.19793
EUR_USD,1769540695.0,1.19786,1.19802,1.19794
EUR_USD,1769540700.0,1.19786,1.19802,1.19794
EUR_USD,1769540705.0,1.19785,1.19802,1.19794
EUR_USD,1769540710.0,1.19785,1.19801,1.19793
EUR_USD,1769540715.0,1.19780,1.19797,1.19788
EUR_USD,1769540720.0,1.19780,1.19797,1.19788
EUR_USD,1769540725.0,1.19780,1.19796,1.19788
EUR_USD,1769540730.0,1.19784,1.19801,1.19793
EUR_USD,1769540735.0,1.19785,1.19801,1.19793
EUR_USD,1769540740.0,1.19785,1.19802,1.19794
EUR_USD,1769540745.0,1.19785,1.19802,1.19794
EUR_USD,1769540750.0,1.19784,1.19801,1.19793
EUR_USD,1769540755.0,1.19785,1.19801,1.19793
EUR_USD,1769540760.0,1.19785,1.19801,1.19793
EUR_USD,1769540765.0,1.19785,1.19802,1.19794
EUR_USD,1769540770.0,1.19793,1.19808,1.19800
EUR_USD,1769540775.0,1.19792,1.19808,1.19800
EUR_USD,1769540780.0,1.19794,1.19810,1.19802
EUR_USD,1769540785.0,1.19794,1.19810,1.19802
EUR_USD,1769540790.0,1.19794,1.19810,1.19802
EUR_USD,1769540795.0,1.19798,1.19814,1.19806
EUR_USD,1769540800.0,1.19797,1.19813,1.19805
EUR_USD,1769540805.0,1.19796,1.19811,1.19803
EUR_USD,1769540810.0,1.19793,1.19808,1.19800
EUR_USD,1769540815.0,1.19791,1.19807,1.19799
EUR_USD,1769540820.0,1.19794,1.19811,1.19802
EUR_USD,1769540825.0,1.19793,1.19808,1.19800
EUR_USD,1769540830.0,1.19782,1.19798,1.19790
EUR_USD,1769540835.0,1.19782,1.19798,1.19790
EUR_USD,1769540840.0,1.19785,1.19801,1.19793
EUR_USD,1769540845.0,1.19784,1.19800,1.19792
EUR_USD,1769540850.0,1.19782,1.19797,1.19789
EUR_USD,1769540855.0,1.19765,1.19781,1.19773
EUR_USD,1769540860.0,1.19770,1.19786,1.19778
EUR_USD,1769540865.0,1.19774,1.19790,1.19782
EUR_USD,1769540870.0,1.19784,1.19799,1.19792
EUR_USD,1769540875.0,1.19778,1.19795,1.19787
EUR_USD,1769540880.0,1.19777,1.19792,1.19785
EUR_USD,1769540885.0,1.19777,1.19792,1.19785
EUR_USD,1769540890.0,1.19778,1.19794,1.19786
EUR_USD,1769540895.0,1.19785,1.19800,1.19793
EUR_USD,1769540900.0,1.19785,1.19800,1.19793
EUR_USD,1769540905.0,1.19784,1.19800,1.19792
EUR_USD,1769540910.0,1.19790,1.19806,1.19798
EUR_USD,1769540915.0,1.19790,1.19805,1.19798
EUR_USD,1769540920.0,1.19795,1.19809,1.19802
EUR_USD,1769540925.0,1.19793,1.19810,1.19801
EUR_USD,1769540930.0,1.19793,1.19809,1.19801
EUR_USD,1769540935.0,1.19794,1.19809,1.19802
EUR_USD,1769540940.0,1.19794,1.19809,1.19802
EUR_USD,1769540945.0,1.19794,1.19810,1.19802
EUR_USD,1769540950.0,1.19792,1.19808,1.19800
EUR_USD,1769540955.0,1.19790,1.19806,1.19798
EUR_USD,1769540960.0,1.19790,1.19806,1.19798
EUR_USD,1769540965.0,1.19792,1.19808,1.19800
EUR_USD,1769540970.0,1.19793,1.19808,1.19800
EUR_USD,1769540975.0,1.19793,1.19809,1.19801
EUR_USD,1769540980.0,1.19794,1.19810,1.19802
EUR_USD,1769540985.0,1.19794,1.19810,1.19802
EUR_USD,1769540990.0,1.19793,1.19808,1.19800
EUR_USD,1769540995.0,1.19797,1.19814,1.19806
EUR_USD,1769541000.0,1.19799,1.19814,1.19807
EUR_USD,1769541005.0,1.19796,1.19813,1.19805
EUR_USD,1769541010.0,1.19798,1.19815,1.19807
EUR_USD,1769541015.0,1.19798,1.19815,1.19807
EUR_USD,1769541020.0,1.19788,1.19805,1.19796
EUR_USD,1769541025.0,1.19783,1.19800,1.19792
EUR_USD,1769541030.0,1.19783,1.19800,1.19792
EUR_USD,1769541035.0,1.19783,1.19800,1.19792
EUR_USD,1769541040.0,1.19784,1.19801,1.19793
EUR_USD,1769541045.0,1.19782,1.19799,1.19790
EUR_USD,1769541050.0,1.19780,1.19796,1.19788
EUR_USD,1769541055.0,1.19780,1.19797,1.19788
EUR_USD,1769541060.0,1.19781,1.19797,1.19789
EUR_USD,1769541065.0,1.19782,1.19799,1.19790
EUR_USD,1769541070.0,1.19778,1.19793,1.19786
EUR_USD,1769541075.0,1.19778,1.19795,1.19787
EUR_USD,1769541080.0,1.19779,1.19795,1.19787
EUR_USD,1769541085.0,1.19782,1.19799,1.19790
EUR_USD,1769541090.0,1.19781,1.19797,1.19789
EUR_USD,1769541095.0,1.19784,1.19801,1.19793
EUR_USD,1769541100.0,1.19784,1.19801,1.19793
EUR_USD,1769541105.0,1.19784,1.19800,1.19792
EUR_USD,1769541110.0,1.19784,1.19800,1.19792
EUR_USD,1769541115.0,1.19784,1.19801,1.19793
EUR_USD,1769541120.0,1.19784,1.19801,1.19793
EUR_USD,1769541125.0,1.19785,1.19801,1.19793
EUR_USD,1769541130.0,1.19794,1.19809,1.19802
EUR_USD,1769541135.0,1.19794,1.19811,1.19802
EUR_USD,1769541140.0,1.19795,1.19812,1.19803
EUR_USD,1769541145.0,1.19799,1.19815,1.19807
EUR_USD,1769541150.0,1.19794,1.19811,1.19802
EUR_USD,1769541155.0,1.19789,1.19806,1.19798
EUR_USD,1769541160.0,1.19795,1.19811,1.19803
EUR_USD,1769541165.0,1.19788,1.19804,1.19796
EUR_USD,1769541170.0,1.19792,1.19807,1.19800
EUR_USD,1769541175.0,1.19792,1.19807,1.19800
EUR_USD,1769541180.0,1.19799,1.19815,1.19807
EUR_USD,1769541185.0,1.19795,1.19810,1.19802
EUR_USD,1769541190.0,1.19793,1.19810,1.19801
EUR_USD,1769541195.0,1.19787,1.19803,1.19795
EUR_USD,1769541200.0,1.19785,1.19801,1.19793
EUR_USD,1769541205.0,1.19786,1.19801,1.19793
EUR_USD,1769541210.0,1.19795,1.19811,1.19803
EUR_USD,1769541215.0,1.19791,1.19807,1.19799
EUR_USD,1769541220.0,1.19789,1.19805,1.19797
EUR_USD,1769541225.0,1.19789,1.19805,1.19797
EUR_USD,1769541230.0,1.19790,1.19807,1.19799
EUR_USD,1769541235.0,1.19784,1.19801,1.19793
EUR_USD,1769541240.0,1.19780,1.19796,1.19788
EUR_USD,1769541245.0,1.19779,1.19796,1.19787
EUR_USD,1769541250.0,1.19779,1.19796,1.19787
EUR_USD,1769541255.0,1.19779,1.19796,1.19787
EUR_USD,1769541260.0,1.19774,1.19789,1.19781
EUR_USD,1769541265.0,1.19770,1.19786,1.19778
EUR_USD,1769541270.0,1.19774,1.19789,1.19781
EUR_USD,1769541275.0,1.19775,1.19790,1.19782
EUR_USD,1769541280.0,1.19774,1.19789,1.19781
EUR_USD,1769541285.0,1.19770,1.19785,1.19778
EUR_USD,1769541290.0,1.19771,1.19786,1.19779
EUR_USD,1769541295.0,1.19765,1.19780,1.19773
EUR_USD,1769541300.0,1.19763,1.19779,1.19771
EUR_USD,1769541305.0,1.19760,1.19775,1.19768
EUR_USD,1769541310.0,1.19765,1.19781,1.19773
EUR_USD,1769541315.0,1.19768,1.19784,1.19776
EUR_USD,1769541320.0,1.19764,1.19780,1.19772
EUR_USD,1769541325.0,1.19767,1.19783,1.19775
EUR_USD,1769541330.0,1.19764,1.19781,1.19773
EUR_USD,1769541335.0,1.19773,1.19790,1.19781
EUR_USD,1769541340.0,1.19770,1.19786,1.19778
EUR_USD,1769541345.0,1.19772,1.19789,1.19780
EUR_USD,1769541350.0,1.19772,1.19787,1.19779
EUR_USD,1769541355.0,1.19775,1.19791,1.19783
EUR_USD,1769541360.0,1.19775,1.19790,1.19782
EUR_USD,1769541365.0,1.19765,1.19781,1.19773
EUR_USD,1769541370.0,1.19766,1.19782,1.19774
EUR_USD,1769541375.0,1.19768,1.19784,1.19776
EUR_USD,1769541380.0,1.19767,1.19783,1.19775
EUR_USD,1769541385.0,1.19765,1.19781,1.19773
EUR_USD,1769541390.0,1.19767,1.19782,1.19775
EUR_USD,1769541395.0,1.19767,1.19784,1.19775
EUR_USD,1769541400.0,1.19765,1.19782,1.19774
EUR_USD,1769541405.0,1.19764,1.19781,1.19773
EUR_USD,1769541410.0,1.19764,1.19781,1.19773
EUR_USD,1769541415.0,1.19764,1.19781,1.19773
EUR_USD,1769541420.0,1.19764,1.19781,1.19773
EUR_USD,1769541425.0,1.19763,1.19780,1.19772
EUR_USD,1769541430.0,1.19762,1.19779,1.19771
EUR_USD,1769541435.0,1.19761,1.19778,1.19769
EUR_USD,1769541440.0,1.19764,1.19780,1.19772
EUR_USD,1769541445.0,1.19760,1.19777,1.19768
EUR_USD,1769541450.0,1.19760,1.19776,1.19768
EUR_USD,1769541455.0,1.19758,1.19775,1.19767
EUR_USD,1769541460.0,1.19758,1.19775,1.19767
EUR_USD,1769541465.0,1.19758,1.19775,1.19767
EUR_USD,1769541470.0,1.19758,1.19774,1.19766
EUR_USD,1769541475.0,1.19758,1.19774,1.19766
EUR_USD,1769541480.0,1.19752,1.19769,1.19760
EUR_USD,1769541485.0,1.19754,1.19771,1.19762
EUR_USD,1769541490.0,1.19750,1.19767,1.19759
EUR_USD,1769541495.0,1.19746,1.19762,1.19754
EUR_USD,1769541500.0,1.19732,1.19748,1.19740
EUR_USD,1769541505.0,1.19727,1.19744,1.19735
EUR_USD,1769541510.0,1.19725,1.19741,1.19733
EUR_USD,1769541515.0,1.19725,1.19741,1.19733
EUR_USD,1769541520.0,1.19719,1.19734,1.19727
EUR_USD,1769541525.0,1.19717,1.19733,1.19725
EUR_USD,1769541530.0,1.19719,1.19736,1.19727
EUR_USD,1769541535.0,1.19719,1.19736,1.19727
EUR_USD,1769541540.0,1.19714,1.19729,1.19721
EUR_USD,1769541545.0,1.19721,1.19738,1.19729
EUR_USD,1769541550.0,1.19721,1.19737,1.19729
EUR_USD,1769541555.0,1.19721,1.19737,1.19729
EUR_USD,1769541560.0,1.19721,1.19737,1.19729
EUR_USD,1769541565.0,1.19720,1.19736,1.19728
EUR_USD,1769541570.0,1.19718,1.19735,1.19726
EUR_USD,1769541575.0,1.19717,1.19734,1.19726
EUR_USD,1769541580.0,1.19714,1.19731,1.19722
EUR_USD,1769541585.0,1.19714,1.19732,1.19723
EUR_USD,1769541590.0,1.19718,1.19734,1.19726
EUR_USD,1769541595.0,1.19715,1.19732,1.19724
EUR_USD,1769541600.0,1.19724,1.19741,1.19733
EUR_USD,1769541605.0,1.19724,1.19741,1.19733
EUR_USD,1769541610.0,1.19724,1.19741,1.19733
EUR_USD,1769541615.0,1.19730,1.19746,1.19738
EUR_USD,1769541620.0,1.19729,1.19745,1.19737
EUR_USD,1769541625.0,1.19729,1.19744,1.19737
EUR_USD,1769541630.0,1.19729,1.19745,1.19737
EUR_USD,1769541635.0,1.19727,1.19743,1.19735
EUR_USD,1769541640.0,1.19729,1.19744,1.19737
EUR_USD,1769541645.0,1.19725,1.19742,1.19733
EUR_USD,1769541650.0,1.19724,1.19741,1.19733
EUR_USD,1769541655.0,1.19724,1.19741,1.19733
EUR_USD,1769541660.0,1.19727,1.19744,1.19735
EUR_USD,1769541665.0,1.19731,1.19746,1.19739
EUR_USD,1769541670.0,1.19731,1.19747,1.19739
EUR_USD,1769541675.0,1.19729,1.19746,1.19738
EUR_USD,1769541680.0,1.19730,1.19746,1.19738
EUR_USD,1769541685.0,1.19729,1.19745,1.19737
EUR_USD,1769541690.0,1.19726,1.19742,1.19734
EUR_USD,1769541695.0,1.19723,1.19739,1.19731
EUR_USD,1769541700.0,1.19722,1.19739,1.19731
EUR_USD,1769541705.0,1.19720,1.19737,1.19728
EUR_USD,1769541710.0,1.19722,1.19737,1.19729
EUR_USD,1769541715.0,1.19715,1.19731,1.19723
EUR_USD,1769541720.0,1.19716,1.19733,1.19725
EUR_USD,1769541725.0,1.19717,1.19734,1.19726
EUR_USD,1769541730.0,1.19720,1.19737,1.19728
EUR_USD,1769541735.0,1.19720,1.19737,1.19728
EUR_USD,1769541740.0,1.19720,1.19737,1.19728
EUR_USD,1769541745.0,1.19726,1.19743,1.19734
EUR_USD,1769541750.0,1.19730,1.19746,1.19738
EUR_USD,1769541755.0,1.19730,1.19747,1.19739
EUR_USD,1769541760.0,1.19730,1.19747,1.19739
EUR_USD,1769541765.0,1.19730,1.19747,1.19739
EUR_USD,1769541770.0,1.19740,1.19756,1.19748
EUR_USD,1769541775.0,1.19733,1.19749,1.19741
EUR_USD,1769541780.0,1.19734,1.19751,1.19742
EUR_USD,1769541785.0,1.19734,1.19751,1.19742
EUR_USD,1769541790.0,1.19741,1.19756,1.19748
EUR_USD,1769541795.0,1.19737,1.19751,1.19744
EUR_USD,1769541800.0,1.19738,1.19752,1.19745
EUR_USD,1769541805.0,1.19745,1.19759,1.19752
EUR_USD,1769541810.0,1.19746,1.19760,1.19753
EUR_USD,1769541815.0,1.19748,1.19763,1.19755
EUR_USD,1769541820.0,1.19748,1.19763,1.19755
EUR_USD,1769541825.0,1.19757,1.19773,1.19765
EUR_USD,1769541830.0,1.19763,1.19777,1.19770
EUR_USD,1769541835.0,1.19760,1.19777,1.19768
EUR_USD,1769541840.0,1.19769,1.19785,1.19777
EUR_USD,1769541845.0,1.19770,1.19786,1.19778
EUR_USD,1769541850.0,1.19772,1.19788,1.19780
EUR_USD,1769541855.0,1.19773,1.19789,1.19781
EUR_USD,1769541860.0,1.19773,1.19789,1.19781
EUR_USD,1769541865.0,1.19774,1.19789,1.19781
EUR_USD,1769541870.0,1.19773,1.19788,1.19781
EUR_USD,1769541875.0,1.19772,1.19788,1.19780
EUR_USD,1769541880.0,1.19771,1.19788,1.19780
EUR_USD,1769541885.0,1.19771,1.19787,1.19779
EUR_USD,1769541890.0,1.19773,1.19789,1.19781
EUR_USD,1769541895.0,1.19778,1.19795,1.19787
EUR_USD,1769541900.0,1.19768,1.19786,1.19777
EUR_USD,1769541905.0,1.19769,1.19786,1.19778
EUR_USD,1769541910.0,1.19770,1.19786,1.19778
EUR_USD,1769541915.0,1.19770,1.19787,1.19779
EUR_USD,1769541920.0,1.19767,1.19784,1.19775
EUR_USD,1769541925.0,1.19765,1.19781,1.19773
EUR_USD,1769541930.0,1.19765,1.19781,1.19773
EUR_USD,1769541935.0,1.19765,1.19781,1.19773
EUR_USD,1769541940.0,1.19765,1.19781,1.19773
EUR_USD,1769541945.0,1.19759,1.19777,1.19768
EUR_USD,1769541950.0,1.19759,1.19776,1.19767
EUR_USD,1769541955.0,1.19766,1.19783,1.19774
EUR_USD,1769541960.0,1.19765,1.19782,1.19774
EUR_USD,1769541965.0,1.19766,1.19781,1.19773
EUR_USD,1769541970.0,1.19766,1.19781,1.19773
EUR_USD,1769541975.0,1.19761,1.19775,1.19768
EUR_USD,1769541980.0,1.19743,1.19760,1.19752
EUR_USD,1769541985.0,1.19739,1.19755,1.19747
EUR_USD,1769541990.0,1.19741,1.19758,1.19749
EUR_USD,1769541995.0,1.19745,1.19761,1.19753
EUR_USD,1769542000.0,1.19744,1.19761,1.19753
EUR_USD,1769542005.0,1.19744,1.19760,1.19752
EUR_USD,1769542010.0,1.19744,1.19762,1.19753
EUR_USD,1769542015.0,1.19745,1.19762,1.19753
EUR_USD,1769542020.0,1.19749,1.19766,1.19758
EUR_USD,1769542025.0,1.19749,1.19766,1.19758
EUR_USD,1769542030.0,1.19750,1.19766,1.19758
EUR_USD,1769542035.0,1.19750,1.19767,1.19759
EUR_USD,1769542040.0,1.19748,1.19765,1.19756
EUR_USD,1769542045.0,1.19750,1.19765,1.19758
EUR_USD,1769542050.0,1.19747,1.19764,1.19755
EUR_USD,1769542055.0,1.19739,1.19757,1.19748
EUR_USD,1769542060.0,1.19739,1.19756,1.19747
EUR_USD,1769542065.0,1.19739,1.19756,1.19747
EUR_USD,1769542070.0,1.19738,1.19756,1.19747
EUR_USD,1769542075.0,1.19738,1.19755,1.19747
EUR_USD,1769542080.0,1.19738,1.19755,1.19747
EUR_USD,1769542085.0,1.19739,1.19755,1.19747
EUR_USD,1769542090.0,1.19737,1.19755,1.19746
EUR_USD,1769542095.0,1.19738,1.19755,1.19747
EUR_USD,1769542100.0,1.19738,1.19755,1.19747
EUR_USD,1769542105.0,1.19738,1.19755,1.19747
EUR_USD,1769542110.0,1.19739,1.19756,1.19747
EUR_USD,1769542115.0,1.19738,1.19755,1.19747
EUR_USD,1769542120.0,1.19740,1.19755,1.19747
EUR_USD,1769542125.0,1.19743,1.19760,1.19752
EUR_USD,1769542130.0,1.19744,1.19761,1.19753
EUR_USD,1769542135.0,1.19738,1.19755,1.19747
EUR_USD,1769542140.0,1.19740,1.19757,1.19748
EUR_USD,1769542145.0,1.19738,1.19755,1.19747
EUR_USD,1769542150.0,1.19742,1.19759,1.19751
EUR_USD,1769542155.0,1.19740,1.19756,1.19748
EUR_USD,1769542160.0,1.19734,1.19751,1.19742
EUR_USD,1769542165.0,1.19737,1.19753,1.19745
EUR_USD,1769542170.0,1.19738,1.19756,1.19747
EUR_USD,1769542175.0,1.19739,1.19757,1.19748
EUR_USD,1769542180.0,1.19742,1.19759,1.19751
EUR_USD,1769542185.0,1.19743,1.19760,1.19752
EUR_USD,1769542190.0,1.19743,1.19759,1.19751
EUR_USD,1769542195.0,1.19740,1.19757,1.19748
EUR_USD,1769542200.0,1.19746,1.19761,1.19754
EUR_USD,1769542205.0,1.19754,1.19770,1.19762
EUR_USD,1769542210.0,1.19755,1.19770,1.19762
EUR_USD,1769542215.0,1.19755,1.19771,1.19763
EUR_USD,1769542220.0,1.19758,1.19774,1.19766
EUR_USD,1769542225.0,1.19759,1.19774,1.19766
EUR_USD,1769542230.0,1.19759,1.19776,1.19767
EUR_USD,1769542235.0,1.19759,1.19776,1.19767
EUR_USD,1769542240.0,1.19763,1.19780,1.19772
EUR_USD,1769542245.0,1.19760,1.19777,1.19768
EUR_USD,1769542250.0,1.19760,1.19775,1.19768
EUR_USD,1769542255.0,1.19759,1.19775,1.19767
EUR_USD,1769542260.0,1.19760,1.19775,1.19768
EUR_USD,1769542265.0,1.19759,1.19776,1.19767
EUR_USD,1769542270.0,1.19760,1.19775,1.19768
EUR_USD,1769542275.0,1.19754,1.19770,1.19762
EUR_USD,1769542280.0,1.19754,1.19769,1.19761
EUR_USD,1769542285.0,1.19754,1.19769,1.19761
EUR_USD,1769542290.0,1.19748,1.19765,1.19756
EUR_USD,1769542295.0,1.19754,1.19770,1.19762
EUR_USD,1769542300.0,1.19754,1.19770,1.19762
EUR_USD,1769542305.0,1.19754,1.19770,1.19762
EUR_USD,1769542310.0,1.19754,1.19771,1.19762
EUR_USD,1769542315.0,1.19754,1.19770,1.19762
EUR_USD,1769542320.0,1.19751,1.19767,1.19759
EUR_USD,1769542325.0,1.19746,1.19763,1.19754
EUR_USD,1769542330.0,1.19745,1.19762,1.19753
EUR_USD,1769542335.0,1.19746,1.19762,1.19754
EUR_USD,1769542340.0,1.19746,1.19762,1.19754
EUR_USD,1769542345.0,1.19746,1.19762,1.19754
EUR_USD,1769542350.0,1.19748,1.19763,1.19755
EUR_USD,1769542355.0,1.19752,1.19767,1.19759
EUR_USD,1769542360.0,1.19751,1.19767,1.19759
EUR_USD,1769542365.0,1.19754,1.19770,1.19762
EUR_USD,1769542370.0,1.19754,1.19770,1.19762
EUR_USD,1769542375.0,1.19754,1.19770,1.19762
EUR_USD,1769542380.0,1.19737,1.19754,1.19746
EUR_USD,1769542385.0,1.19741,1.19757,1.19749
EUR_USD,1769542390.0,1.19744,1.19761,1.19753
EUR_USD,1769542395.0,1.19758,1.19775,1.19767
EUR_USD,1769542400.0,1.19756,1.19772,1.19764
EUR_USD,1769542405.0,1.19758,1.19773,1.19766
EUR_USD,1769542410.0,1.19754,1.19771,1.19762
EUR_USD,1769542415.0,1.19754,1.19770,1.19762
EUR_USD,1769542420.0,1.19752,1.19769,1.19760
EUR_USD,1769542425.0,1.19753,1.19770,1.19761
EUR_USD,1769542430.0,1.19752,1.19769,1.19760
EUR_USD,1769542435.0,1.19754,1.19771,1.19762
EUR_USD,1769542440.0,1.19754,1.19771,1.19762
EUR_USD,1769542445.0,1.19753,1.19771,1.19762
EUR_USD,1769542450.0,1.19753,1.19770,1.19761
EUR_USD,1769542455.0,1.19757,1.19775,1.19766
EUR_USD,1769542460.0,1.19757,1.19775,1.19766
EUR_USD,1769542465.0,1.19756,1.19773,1.19765
EUR_USD,1769542470.0,1.19756,1.19773,1.19765
EUR_USD,1769542475.0,1.19759,1.19775,1.19767
EUR_USD,1769542480.0,1.19759,1.19775,1.19767
EUR_USD,1769542485.0,1.19759,1.19775,1.19767
EUR_USD,1769542490.0,1.19764,1.19780,1.19772
EUR_USD,1769542495.0,1.19762,1.19779,1.19771
EUR_USD,1769542500.0,1.19756,1.19772,1.19764
EUR_USD,1769542505.0,1.19754,1.19770,1.19762
EUR_USD,1769542510.0,1.19754,1.19770,1.19762
EUR_USD,1769542515.0,1.19749,1.19765,1.19757
EUR_USD,1769542520.0,1.19747,1.19763,1.19755
EUR_USD,1769542525.0,1.19745,1.19759,1.19752
EUR_USD,1769542530.0,1.19746,1.19760,1.19753
EUR_USD,1769542535.0,1.19751,1.19766,1.19759
EUR_USD,1769542540.0,1.19751,1.19766,1.19759
EUR_USD,1769542545.0,1.19755,1.19769,1.19762
EUR_USD,1769542550.0,1.19760,1.19774,1.19767
EUR_USD,1769542555.0,1.19764,1.19778,1.19771
EUR_USD,1769542560.0,1.19764,1.19778,1.19771
EUR_USD,1769542565.0,1.19764,1.19781,1.19773
EUR_USD,1769542570.0,1.19764,1.19781,1.19773
EUR_USD,1769542575.0,1.19766,1.19781,1.19773
EUR_USD,1769542580.0,1.19764,1.19781,1.19773
EUR_USD,1769542585.0,1.19755,1.19771,1.19763
EUR_USD,1769542590.0,1.19751,1.19767,1.19759
EUR_USD,1769542595.0,1.19751,1.19766,1.19759
EUR_USD,1769542600.0,1.19750,1.19764,1.19757
EUR_USD,1769542605.0,1.19752,1.19767,1.19759
EUR_USD,1769542610.0,1.19753,1.19768,1.19761
EUR_USD,1769542615.0,1.19753,1.19768,1.19761
EUR_USD,1769542620.0,1.19760,1.19775,1.19768
EUR_USD,1769542625.0,1.19760,1.19774,1.19767
EUR_USD,1769542630.0,1.19756,1.19770,1.19763
EUR_USD,1769542635.0,1.19755,1.19769,1.19762
EUR_USD,1769542640.0,1.19754,1.19769,1.19761
EUR_USD,1769542645.0,1.19754,1.19769,1.19761
EUR_USD,1769542650.0,1.19754,1.19769,1.19761
EUR_USD,1769542655.0,1.19756,1.19770,1.19763
EUR_USD,1769542660.0,1.19761,1.19776,1.19768
EUR_USD,1769542665.0,1.19759,1.19773,1.19766
EUR_USD,1769542670.0,1.19767,1.19781,1.19774
EUR_USD,1769542675.0,1.19771,1.19787,1.19779
EUR_USD,1769542680.0,1.19773,1.19788,1.19781
EUR_USD,1769542685.0,1.19773,1.19787,1.19780
EUR_USD,1769542690.0,1.19771,1.19787,1.19779
EUR_USD,1769542695.0,1.19773,1.19787,1.19780
EUR_USD,1769542700.0,1.19773,1.19787,1.19780
EUR_USD,1769542705.0,1.19780,1.19795,1.19788
EUR_USD,1769542710.0,1.19780,1.19795,1.19788
EUR_USD,1769542715.0,1.19778,1.19792,1.19785
EUR_USD,1769542720.0,1.19780,1.19795,1.19788
EUR_USD,1769542725.0,1.19780,1.19795,1.19788
EUR_USD,1769542730.0,1.19781,1.19797,1.19789
EUR_USD,1769542735.0,1.19784,1.19801,1.19793
EUR_USD,1769542740.0,1.19781,1.19797,1.19789
EUR_USD,1769542745.0,1.19777,1.19793,1.19785
EUR_USD,1769542750.0,1.19780,1.19795,1.19788
EUR_USD,1769542755.0,1.19781,1.19797,1.19789
EUR_USD,1769542760.0,1.19781,1.19796,1.19788
EUR_USD,1769542765.0,1.19781,1.19796,1.19788
EUR_USD,1769542770.0,1.19782,1.19797,1.19789
EUR_USD,1769542775.0,1.19783,1.19797,1.19790
EUR_USD,1769542780.0,1.19783,1.19799,1.19791
EUR_USD,1769542785.0,1.19784,1.19800,1.19792
EUR_USD,1769542790.0,1.19779,1.19795,1.19787
EUR_USD,1769542795.0,1.19779,1.19796,1.19787
EUR_USD,1769542800.0,1.19780,1.19795,1.19788
EUR_USD,1769542805.0,1.19776,1.19793,1.19785
EUR_USD,1769542810.0,1.19779,1.19796,1.19787
EUR_USD,1769542815.0,1.19780,1.19795,1.19788
EUR_USD,1769542820.0,1.19778,1.19796,1.19787
EUR_USD,1769542825.0,1.19771,1.19787,1.19779
EUR_USD,1769542830.0,1.19775,1.19791,1.19783
EUR_USD,1769542835.0,1.19775,1.19790,1.19782
EUR_USD,1769542840.0,1.19775,1.19791,1.19783
EUR_USD,1769542845.0,1.19778,1.19795,1.19787
EUR_USD,1769542850.0,1.19781,1.19796,1.19788
EUR_USD,1769542855.0,1.19776,1.19793,1.19785
EUR_USD,1769542860.0,1.19780,1.19796,1.19788
EUR_USD,1769542865.0,1.19781,1.19796,1.19788
EUR_USD,1769542870.0,1.19780,1.19795,1.19788
EUR_USD,1769542875.0,1.19781,1.19796,1.19788
EUR_USD,1769542880.0,1.19781,1.19796,1.19788
EUR_USD,1769542885.0,1.19780,1.19795,1.19788
EUR_USD,1769542890.0,1.19780,1.19796,1.19788
EUR_USD,1769542895.0,1.19779,1.19794,1.19786
EUR_USD,1769542900.0,1.19780,1.19795,1.19788
EUR_USD,1769542905.0,1.19780,1.19795,1.19788
EUR_USD,1769542910.0,1.19780,1.19796,1.19788
EUR_USD,1769542915.0,1.19775,1.19791,1.19783
EUR_USD,1769542920.0,1.19777,1.19792,1.19785
EUR_USD,1769542925.0,1.19777,1.19791,1.19784
EUR_USD,1769542930.0,1.19776,1.19790,1.19783
EUR_USD,1769542935.0,1.19776,1.19790,1.19783
EUR_USD,1769542940.0,1.19760,1.19774,1.19767
EUR_USD,1769542945.0,1.19760,1.19776,1.19768
EUR_USD,1769542950.0,1.19760,1.19775,1.19768
EUR_USD,1769542955.0,1.19765,1.19779,1.19772
EUR_USD,1769542960.0,1.19767,1.19781,1.19774
EUR_USD,1769542965.0,1.19775,1.19789,1.19782
EUR_USD,1769542970.0,1.19778,1.19794,1.19786
EUR_USD,1769542975.0,1.19786,1.19802,1.19794
EUR_USD,1769542980.0,1.19791,1.19806,1.19799
EUR_USD,1769542985.0,1.19790,1.19806,1.19798
EUR_USD,1769542990.0,1.19790,1.19804,1.19797
EUR_USD,1769542995.0,1.19788,1.19804,1.19796
EUR_USD,1769543000.0,1.19788,1.19804,1.19796
EUR_USD,1769543005.0,1.19785,1.19801,1.19793
EUR_USD,1769543010.0,1.19789,1.19805,1.19797
EUR_USD,1769543015.0,1.19784,1.19799,1.19792
EUR_USD,1769543020.0,1.19785,1.19799,1.19792
EUR_USD,1769543025.0,1.19788,1.19803,1.19795
EUR_USD,1769543030.0,1.19788,1.19803,1.19795
EUR_USD,1769543035.0,1.19781,1.19795,1.19788
EUR_USD,1769543040.0,1.19781,1.19796,1.19788
EUR_USD,1769543045.0,1.19780,1.19795,1.19788
EUR_USD,1769543050.0,1.19780,1.19794,1.19787
EUR_USD,1769543055.0,1.19780,1.19794,1.19787
EUR_USD,1769543060.0,1.19780,1.19794,1.19787
EUR_USD,1769543065.0,1.19780,1.19794,1.19787
EUR_USD,1769543070.0,1.19779,1.19794,1.19786
EUR_USD,1769543075.0,1.19777,1.19791,1.19784
EUR_USD,1769543080.0,1.19779,1.19794,1.19786
EUR_USD,1769543085.0,1.19776,1.19790,1.19783
EUR_USD,1769543090.0,1.19776,1.19790,1.19783
EUR_USD,1769543095.0,1.19776,1.19790,1.19783
EUR_USD,1769543100.0,1.19767,1.19781,1.19774
EUR_USD,1769543105.0,1.19771,1.19785,1.19778
EUR_USD,1769543110.0,1.19770,1.19785,1.19778
EUR_USD,1769543115.0,1.19768,1.19783,1.19775
EUR_USD,1769543120.0,1.19762,1.19776,1.19769
EUR_USD,1769543125.0,1.19760,1.19776,1.19768
EUR_USD,1769543130.0,1.19760,1.19776,1.19768
EUR_USD,1769543135.0,1.19760,1.19776,1.19768
EUR_USD,1769543140.0,1.19760,1.19776,1.19768
EUR_USD,1769543145.0,1.19760,1.19776,1.19768
EUR_USD,1769543150.0,1.19744,1.19760,1.19752
EUR_USD,1769543155.0,1.19744,1.19761,1.19753
EUR_USD,1769543160.0,1.19740,1.19756,1.19748
EUR_USD,1769543165.0,1.19742,1.19758,1.19750
EUR_USD,1769543170.0,1.19740,1.19756,1.19748
EUR_USD,1769543175.0,1.19740,1.19755,1.19747
EUR_USD,1769543180.0,1.19739,1.19755,1.19747
EUR_USD,1769543185.0,1.19739,1.19755,1.19747
EUR_USD,1769543190.0,1.19739,1.19755,1.19747
EUR_USD,1769543195.0,1.19725,1.19740,1.19732
EUR_USD,1769543200.0,1.19725,1.19740,1.19732
EUR_USD,1769543205.0,1.19718,1.19736,1.19727
EUR_USD,1769543210.0,1.19722,1.19739,1.19731
EUR_USD,1769543215.0,1.19721,1.19738,1.19729
EUR_USD,1769543220.0,1.19721,1.19738,1.19729
EUR_USD,1769543225.0,1.19724,1.19740,1.19732
EUR_USD,1769543230.0,1.19723,1.19741,1.19732
EUR_USD,1769543235.0,1.19724,1.19741,1.19733
EUR_USD,1769543240.0,1.19722,1.19739,1.19731
EUR_USD,1769543245.0,1.19727,1.19745,1.19736
EUR_USD,1769543250.0,1.19719,1.19737,1.19728
EUR_USD,1769543255.0,1.19722,1.19739,1.19731
EUR_USD,1769543260.0,1.19722,1.19739,1.19731
EUR_USD,1769543265.0,1.19724,1.19741,1.19733
EUR_USD,1769543270.0,1.19724,1.19740,1.19732
EUR_USD,1769543275.0,1.19724,1.19740,1.19732
EUR_USD,1769543280.0,1.19721,1.19738,1.19729
EUR_USD,1769543285.0,1.19719,1.19737,1.19728
EUR_USD,1769543290.0,1.19719,1.19735,1.19727
EUR_USD,1769543295.0,1.19719,1.19735,1.19727
EUR_USD,1769543300.0,1.19722,1.19738,1.19730
EUR_USD,1769543305.0,1.19716,1.19733,1.19725
EUR_USD,1769543310.0,1.19716,1.19733,1.19725
EUR_USD,1769543315.0,1.19716,1.19733,1.19725
EUR_USD,1769543320.0,1.19712,1.19729,1.19720
EUR_USD,1769543325.0,1.19708,1.19724,1.19716
EUR_USD,1769543330.0,1.19707,1.19723,1.19715
EUR_USD,1769543335.0,1.19704,1.19721,1.19713
EUR_USD,1769543340.0,1.19707,1.19723,1.19715
EUR_USD,1769543345.0,1.19709,1.19725,1.19717
EUR_USD,1769543350.0,1.19714,1.19730,1.19722
EUR_USD,1769543355.0,1.19714,1.19730,1.19722
EUR_USD,1769543360.0,1.19714,1.19730,1.19722
EUR_USD,1769543365.0,1.19714,1.19730,1.19722
EUR_USD,1769543370.0,1.19721,1.19737,1.19729
EUR_USD,1769543375.0,1.19722,1.19739,1.19731
EUR_USD,1769543380.0,1.19722,1.19739,1.19731
EUR_USD,1769543385.0,1.19721,1.19738,1.19729
EUR_USD,1769543390.0,1.19722,1.19739,1.19731
EUR_USD,1769543395.0,1.19723,1.19739,1.19731
EUR_USD,1769543400.0,1.19724,1.19740,1.19732
