instrument,ts,bid,ask,mid
EUR_USD,1769699340.0,1.19504,1.19522,1.19513
EUR_USD,1769699345.0,1.19503,1.19521,1.19512
EUR_USD,1769699350.0,1.19510,1.19529,1.19520
EUR_USD,1769699355.0,1.19499,1.19517,1.19508
EUR_USD,1769699360.0,1.19509,1.19526,1.19517
EUR_USD,1769699365.0,1.19520,1.19537,1.19529
EUR_USD,1769699370.0,1.19508,1.19525,1.19516
EUR_USD,1769699375.0,1.19511,1.19527,1.19519
EUR_USD,1769699380.0,1.19509,1.19527,1.19518
EUR_USD,1769699385.0,1.19509,1.19525,1.19517
EUR_USD,1769699390.0,1.19514,1.19531,1.19523
EUR_USD,1769699395.0,1.19520,1.19535,1.19528
EUR_USD,1769699400.0,1.19520,1.19536,1.19528
EUR_USD,1769699405.0,1.19532,1.19547,1.19539
EUR_USD,1769699410.0,1.19526,1.19545,1.19535
EUR_USD,1769699415.0,1.19525,1.19540,1.19532
EUR_USD,1769699420.0,1.19521,1.19536,1.19529
EUR_USD,1769699425.0,1.19536,1.19550,1.19543
EUR_USD,1769699430.0,1.19532,1.19547,1.19539
EUR_USD,1769699435.0,1.19537,1.19552,1.19544
EUR_USD,1769699440.0,1.19531,1.19546,1.19538
EUR_USD,1769699445.0,1.19516,1.19532,1.19524
EUR_USD,1769699450.0,1.19525,1.19542,1.19534
EUR_USD,1769699455.0,1.19540,1.19557,1.19549
EUR_USD,1769699460.0,1.19529,1.19544,1.19537
EUR_USD,1769699465.0,1.19531,1.19547,1.19539
EUR_USD,1769699470.0,1.19536,1.19552,1.19544
EUR_USD,1769699475.0,1.19542,1.19557,1.19549
EUR_USD,1769699480.0,1.19554,1.19570,1.19562
EUR_USD,1769699485.0,1.19556,1.19571,1.19564
EUR_USD,1769699490.0,1.19546,1.19563,1.19555
EUR_USD,1769699495.0,1.19541,1.19558,1.19550
EUR_USD,1769699500.0,1.19541,1.19558,1.19550
EUR_USD,1769699505.0,1.19547,1.19563,1.19555
EUR_USD,1769699510.0,1.19545,1.19560,1.19552
EUR_USD,1769699515.0,1.19537,1.19554,1.19545
EUR_USD,1769699520.0,1.19520,1.19537,1.19529
EUR_USD,1769699525.0,1.19524,1.19538,1.19531
EUR_USD,1769699530.0,1.19524,1.19538,1.19531
EUR_USD,1769699535.0,1.19516,1.19530,1.19523
EUR_USD,1769699540.0,1.19508,1.19522,1.19515
EUR_USD,1769699545.0,1.19510,1.19525,1.19517
EUR_USD,1769699550.0,1.19505,1.19519,1.19512
EUR_USD,1769699555.0,1.19504,1.19519,1.19511
EUR_USD,1769699560.0,1.19509,1.19524,1.19517
EUR_USD,1769699565.0,1.19504,1.19520,1.19512
EUR_USD,1769699570.0,1.19501,1.19515,1.19508
EUR_USD,1769699575.0,1.19493,1.19510,1.19502
EUR_USD,1769699580.0,1.19493,1.19508,1.19501
EUR_USD,1769699585.0,1.19482,1.19496,1.19489
EUR_USD,1769699590.0,1.19475,1.19490,1.19483
EUR_USD,1769699595.0,1.19473,1.19487,1.19480
EUR_USD,1769699600.0,1.19471,1.19485,1.19478
EUR_USD,1769699605.0,1.19468,1.19485,1.19476
EUR_USD,1769699610.0,1.19473,1.19491,1.19482
EUR_USD,1769699615.0,1.19473,1.19490,1.19482
EUR_USD,1769699620.0,1.19469,1.19485,1.19477
EUR_USD,1769699625.0,1.19462,1.19478,1.19470
EUR_USD,1769699630.0,1.19455,1.19471,1.19463
EUR_USD,1769699635.0,1.19456,1.19472,1.19464
EUR_USD,1769699640.0,1.19449,1.19465,1.19457
EUR_USD,1769699645.0,1.19456,1.19473,1.19464
EUR_USD,1769699650.0,1.19457,1.19473,1.19465
EUR_USD,1769699655.0,1.19461,1.19475,1.19468
EUR_USD,1769699660.0,1.19469,1.19485,1.19477
EUR_USD,1769699665.0,1.19463,1.19479,1.19471
EUR_USD,1769699670.0,1.19462,1.19479,1.19470
EUR_USD,1769699675.0,1.19462,1.19478,1.19470
EUR_USD,1769699680.0,1.19455,1.19471,1.19463
EUR_USD,1769699685.0,1.19468,1.19483,1.19476
EUR_USD,1769699690.0,1.19477,1.19492,1.19484
EUR_USD,1769699695.0,1.19475,1.19491,1.19483
EUR_USD,1769699700.0,1.19457,1.19473,1.19465
EUR_USD,1769699705.0,1.19464,1.19480,1.19472
EUR_USD,1769699710.0,1.19455,1.19471,1.19463
EUR_USD,1769699715.0,1.19443,1.19460,1.19451
EUR_USD,1769699720.0,1.19443,1.19460,1.19451
EUR_USD,1769699725.0,1.19433,1.19450,1.19441
EUR_USD,1769699730.0,1.19424,1.19440,1.19432
EUR_USD,1769699735.0,1.19423,1.19439,1.19431
EUR_USD,1769699740.0,1.19428,1.19444,1.19436
EUR_USD,1769699745.0,1.19437,1.19453,1.19445
EUR_USD,1769699750.0,1.19438,1.19453,1.19446
EUR_USD,1769699755.0,1.19432,1.19449,1.19441
EUR_USD,1769699760.0,1.19424,1.19441,1.19433
EUR_USD,1769699765.0,1.19409,1.19425,1.19417
EUR_USD,1769699770.0,1.19412,1.19429,1.19421
EUR_USD,1769699775.0,1.19401,1.19419,1.19410
EUR_USD,1769699780.0,1.19394,1.19412,1.19403
EUR_USD,1769699785.0,1.19397,1.19414,1.19406
EUR_USD,1769699790.0,1.19383,1.19401,1.19392
EUR_USD,1769699795.0,1.19352,1.19368,1.19360
EUR_USD,1769699800.0,1.19319,1.19336,1.19327
EUR_USD,1769699805.0,1.19352,1.19367,1.19359
EUR_USD,1769699810.0,1.19363,1.19379,1.19371
EUR_USD,1769699815.0,1.19343,1.19360,1.19352
EUR_USD,1769699820.0,1.19328,1.19345,1.19337
EUR_USD,1769699825.0,1.19313,1.19331,1.19322
EUR_USD,1769699830.0,1.19273,1.19289,1.19281
EUR_USD,1769699835.0,1.19279,1.19295,1.19287
EUR_USD,1769699840.0,1.19256,1.19272,1.19264
EUR_USD,1769699845.0,1.19251,1.19267,1.19259
EUR_USD,1769699850.0,1.19234,1.19253,1.19244
EUR_USD,1769699855.0,1.19228,1.19246,1.19237
EUR_USD,1769699860.0,1.19231,1.19245,1.19238
EUR_USD,1769699865.0,1.19202,1.19218,1.19210
EUR_USD,1769699870.0,1.19206,1.19226,1.19216
EUR_USD,1769699875.0,1.19179,1.19194,1.19186
EUR_USD,1769699880.0,1.19208,1.19222,1.19215
EUR_USD,1769699885.0,1.19221,1.19236,1.19229
EUR_USD,1769699890.0,1.19218,1.19236,1.19227
EUR_USD,1769699895.0,1.19187,1.19204,1.19196
EUR_USD,1769699900.0,1.19198,1.19216,1.19207
EUR_USD,1769699905.0,1.19198,1.19214,1.19206
EUR_USD,1769699910.0,1.19228,1.19245,1.19237
EUR_USD,1769699915.0,1.19262,1.19279,1.19271
EUR_USD,1769699920.0,1.19267,1.19284,1.19276
EUR_USD,1769699925.0,1.19274,1.19290,1.19282
EUR_USD,1769699930.0,1.19278,1.19294,1.19286
EUR_USD,1769699935.0,1.19276,1.19292,1.19284
EUR_USD,1769699940.0,1.19250,1.19269,1.19259
EUR_USD,1769699945.0,1.19265,1.19282,1.19273
EUR_USD,1769699950.0,1.19244,1.19261,1.19252
EUR_USD,1769699955.0,1.19225,1.19241,1.19233
EUR_USD,1769699960.0,1.19218,1.19235,1.19226
EUR_USD,1769699965.0,1.19217,1.19233,1.19225
EUR_USD,1769699970.0,1.19227,1.19245,1.19236
EUR_USD,1769699975.0,1.19219,1.19236,1.19227
EUR_USD,1769699980.0,1.19213,1.19228,1.19220
EUR_USD,1769699985.0,1.19214,1.19229,1.19222
EUR_USD,1769699990.0,1.19209,1.19226,1.19218
EUR_USD,1769699995.0,1.19234,1.19250,1.19242
EUR_USD,1769700000.0,1.19226,1.19242,1.19234
EUR_USD,1769700005.0,1.19225,1.19240,1.19232
EUR_USD,1769700010.0,1.19188,1.19207,1.19198
EUR_USD,1769700015.0,1.19191,1.19206,1.19198
EUR_USD,1769700020.0,1.19176,1.19193,1.19184
EUR_USD,1769700025.0,1.19147,1.19164,1.19156
EUR_USD,1769700030.0,1.19145,1.19161,1.19153
EUR_USD,1769700035.0,1.19158,1.19173,1.19165
EUR_USD,1769700040.0,1.19167,1.19183,1.19175
EUR_USD,1769700045.0,1.19158,1.19175,1.19166
EUR_USD,1769700050.0,1.19163,1.19182,1.19172
EUR_USD,1769700055.0,1.19185,1.19202,1.19193
EUR_USD,1769700060.0,1.19205,1.19221,1.19213
EUR_USD,1769700065.0,1.19191,1.19208,1.19199
EUR_USD,1769700070.0,1.19224,1.19242,1.19233
EUR_USD,1769700075.0,1.19233,1.19250,1.19242
EUR_USD,1769700080.0,1.19229,1.19246,1.19238
EUR_USD,1769700085.0,1.19231,1.19248,1.19239
EUR_USD,1769700090.0,1.19255,1.19272,1.19264
EUR_USD,1769700095.0,1.19254,1.19272,1.19263
EUR_USD,1769700100.0,1.19249,1.19264,1.19257
EUR_USD,1769700105.0,1.19236,1.19254,1.19245
EUR_USD,1769700110.0,1.19254,1.19271,1.19263
EUR_USD,1769700115.0,1.19253,1.19268,1.19260
EUR_USD,1769700120.0,1.19245,1.19263,1.19254
EUR_USD,1769700125.0,1.19265,1.19283,1.19274
EUR_USD,1769700130.0,1.19266,1.19283,1.19274
EUR_USD,1769700135.0,1.19281,1.19299,1.19290
EUR_USD,1769700140.0,1.19303,1.19320,1.19312
EUR_USD,1769700145.0,1.19297,1.19315,1.19306
EUR_USD,1769700150.0,1.19307,1.19324,1.19315
EUR_USD,1769700155.0,1.19313,1.19329,1.19321
EUR_USD,1769700160.0,1.19317,1.19335,1.19326
EUR_USD,1769700165.0,1.19321,1.19338,1.19329
EUR_USD,1769700170.0,1.19323,1.19338,1.19331
EUR_USD,1769700175.0,1.19311,1.19327,1.19319
EUR_USD,1769700180.0,1.19296,1.19314,1.19305
EUR_USD,1769700185.0,1.19288,1.19304,1.19296
EUR_USD,1769700190.0,1.19271,1.19290,1.19280
EUR_USD,1769700195.0,1.19277,1.19294,1.19285
EUR_USD,1769700200.0,1.19271,1.19287,1.19279
EUR_USD,1769700205.0,1.19279,1.19294,1.19286
EUR_USD,1769700210.0,1.19288,1.19302,1.19295
EUR_USD,1769700215.0,1.19280,1.19299,1.19290
EUR_USD,1769700220.0,1.19282,1.19299,1.19291
EUR_USD,1769700225.0,1.19283,1.19299,1.19291
EUR_USD,1769700230.0,1.19283,1.19297,1.19290
EUR_USD,1769700235.0,1.19282,1.19297,1.19290
EUR_USD,1769700240.0,1.19278,1.19292,1.19285
EUR_USD,1769700245.0,1.19282,1.19298,1.19290
EUR_USD,1769700250.0,1.19297,1.19314,1.19306
EUR_USD,1769700255.0,1.19289,1.19305,1.19297
EUR_USD,1769700260.0,1.19293,1.19310,1.19301
EUR_USD,1769700265.0,1.19294,1.19311,1.19303
EUR_USD,1769700270.0,1.19267,1.19283,1.19275
EUR_USD,1769700275.0,1.19252,1.19267,1.19259
EUR_USD,1769700280.0,1.19246,1.19263,1.19254
EUR_USD,1769700285.0,1.19229,1.19244,1.19237
EUR_USD,1769700290.0,1.19229,1.19246,1.19238
EUR_USD,1769700295.0,1.19230,1.19244,1.19237
EUR_USD,1769700300.0,1.19227,1.19242,1.19234
EUR_USD,1769700305.0,1.19242,1.19260,1.19251
EUR_USD,1769700310.0,1.19252,1.19266,1.19259
EUR_USD,1769700315.0,1.19251,1.19269,1.19260
EUR_USD,1769700320.0,1.19244,1.19261,1.19252
EUR_USD,1769700325.0,1.19258,1.19275,1.19266
EUR_USD,1769700330.0,1.19261,1.19277,1.19269
EUR_USD,1769700335.0,1.19246,1.19262,1.19254
EUR_USD,1769700340.0,1.19246,1.19260,1.19253
EUR_USD,1769700345.0,1.19246,1.19262,1.19254
EUR_USD,1769700350.0,1.19241,1.19257,1.19249
EUR_USD,1769700355.0,1.19220,1.19237,1.19229
EUR_USD,1769700360.0,1.19214,1.19229,1.19222
EUR_USD,1769700365.0,1.19205,1.19223,1.19214
EUR_USD,1769700370.0,1.19201,1.19218,1.19210
EUR_USD,1769700375.0,1.19208,1.19226,1.19217
EUR_USD,1769700380.0,1.19208,1.19225,1.19217
EUR_USD,1769700385.0,1.19183,1.19201,1.19192
EUR_USD,1769700390.0,1.19173,1.19190,1.19182
EUR_USD,1769700395.0,1.19174,1.19190,1.19182
EUR_USD,1769700400.0,1.19180,1.19195,1.19188
EUR_USD,1769700405.0,1.19146,1.19164,1.19155
EUR_USD,1769700410.0,1.19145,1.19162,1.19154
EUR_USD,1769700415.0,1.19126,1.19142,1.19134
EUR_USD,1769700420.0,1.19142,1.19162,1.19152
EUR_USD,1769700425.0,1.19139,1.19156,1.19148
EUR_USD,1769700430.0,1.19121,1.19140,1.19131
EUR_USD,1769700435.0,1.19110,1.19127,1.19118
EUR_USD,1769700440.0,1.19108,1.19126,1.19117
EUR_USD,1769700445.0,1.19107,1.19123,1.19115
EUR_USD,1769700450.0,1.19115,1.19130,1.19122
EUR_USD,1769700455.0,1.19110,1.19126,1.19118
EUR_USD,1769700460.0,1.19106,1.19121,1.19114
EUR_USD,1769700465.0,1.19097,1.19113,1.19105
EUR_USD,1769700470.0,1.19107,1.19121,1.19114
EUR_USD,1769700475.0,1.19069,1.19087,1.19078
EUR_USD,1769700480.0,1.19057,1.19073,1.19065
EUR_USD,1769700485.0,1.19069,1.19085,1.19077
EUR_USD,1769700490.0,1.19086,1.19102,1.19094
EUR_USD,1769700495.0,1.19120,1.19135,1.19128
EUR_USD,1769700500.0,1.19105,1.19121,1.19113
EUR_USD,1769700505.0,1.19096,1.19113,1.19104
EUR_USD,1769700510.0,1.19090,1.19106,1.19098
EUR_USD,1769700515.0,1.19105,1.19121,1.19113
EUR_USD,1769700520.0,1.19085,1.19102,1.19094
EUR_USD,1769700525.0,1.19090,1.19105,1.19097
EUR_USD,1769700530.0,1.19091,1.19105,1.19098
EUR_USD,1769700535.0,1.19081,1.19096,1.19088
EUR_USD,1769700540.0,1.19068,1.19085,1.19076
EUR_USD,1769700545.0,1.19062,1.19080,1.19071
EUR_USD,1769700550.0,1.19068,1.19083,1.19076
EUR_USD,1769700555.0,1.19075,1.19091,1.19083
EUR_USD,1769700560.0,1.19069,1.19085,1.19077
EUR_USD,1769700565.0,1.19089,1.19103,1.19096
EUR_USD,1769700570.0,1.19098,1.19114,1.19106
EUR_USD,1769700575.0,1.19096,1.19113,1.19104
EUR_USD,1769700580.0,1.19100,1.19116,1.19108
EUR_USD,1769700585.0,1.19099,1.19114,1.19107
EUR_USD,1769700590.0,1.19088,1.19103,1.19095
EUR_USD,1769700595.0,1.19084,1.19101,1.19093
EUR_USD,1769700600.0,1.19068,1.19085,1.19076
EUR_USD,1769700605.0,1.19092,1.19108,1.19100
EUR_USD,1769700610.0,1.19098,1.19114,1.19106
EUR_USD,1769700615.0,1.19098,1.19113,1.19105
EUR_USD,1769700620.0,1.19090,1.19107,1.19098
EUR_USD,1769700625.0,1.19100,1.19117,1.19109
EUR_USD,1769700630.0,1.19133,1.19150,1.19142
EUR_USD,1769700635.0,1.19158,1.19173,1.19165
EUR_USD,1769700640.0,1.19170,1.19186,1.19178
EUR_USD,1769700645.0,1.19175,1.19189,1.19182
EUR_USD,1769700650.0,1.19177,1.19194,1.19185
EUR_USD,1769700655.0,1.19161,1.19180,1.19171
EUR_USD,1769700660.0,1.19162,1.19180,1.19171
EUR_USD,1769700665.0,1.19182,1.19197,1.19190
EUR_USD,1769700670.0,1.19187,1.19204,1.19196
EUR_USD,1769700675.0,1.19175,1.19192,1.19184
EUR_USD,1769700680.0,1.19164,1.19181,1.19172
EUR_USD,1769700685.0,1.19157,1.19172,1.19164
EUR_USD,1769700690.0,1.19149,1.19166,1.19157
EUR_USD,1769700695.0,1.19155,1.19173,1.19164
EUR_USD,1769700700.0,1.19153,1.19169,1.19161
EUR_USD,1769700705.0,1.19148,1.19165,1.19157
EUR_USD,1769700710.0,1.19155,1.19171,1.19163
EUR_USD,1769700715.0,1.19157,1.19172,1.19164
EUR_USD,1769700720.0,1.19128,1.19145,1.19136
EUR_USD,1769700725.0,1.19118,1.19135,1.19127
EUR_USD,1769700730.0,1.19134,1.19151,1.19143
EUR_USD,1769700735.0,1.19142,1.19158,1.19150
EUR_USD,1769700740.0,1.19149,1.19164,1.19156
EUR_USD,1769700745.0,1.19169,1.19186,1.19177
EUR_USD,1769700750.0,1.19168,1.19184,1.19176
EUR_USD,1769700755.0,1.19158,1.19173,1.19165
EUR_USD,1769700760.0,1.19167,1.19182,1.19175
EUR_USD,1769700765.0,1.19160,1.19174,1.19167
EUR_USD,1769700770.0,1.19153,1.19169,1.19161
EUR_USD,1769700775.0,1.19148,1.19163,1.19156
EUR_USD,1769700780.0,1.19131,1.19146,1.19138
EUR_USD,1769700785.0,1.19127,1.19144,1.19136
EUR_USD,1769700790.0,1.19153,1.19170,1.19162
EUR_USD,1769700795.0,1.19163,1.19180,1.19171
EUR_USD,1769700800.0,1.19173,1.19190,1.19182
EUR_USD,1769700805.0,1.19168,1.19183,1.19176
EUR_USD,1769700810.0,1.19172,1.19188,1.19180
EUR_USD,1769700815.0,1.19173,1.19191,1.19182
EUR_USD,1769700820.0,1.19188,1.19205,1.19197
EUR_USD,1769700825.0,1.19179,1.19196,1.19188
EUR_USD,1769700830.0,1.19195,1.19211,1.19203
EUR_USD,1769700835.0,1.19212,1.19230,1.19221
EUR_USD,1769700840.0,1.19206,1.19224,1.19215
EUR_USD,1769700845.0,1.19206,1.19224,1.19215
EUR_USD,1769700850.0,1.19215,1.19235,1.19225
EUR_USD,1769700855.0,1.19208,1.19225,1.19217
EUR_USD,1769700860.0,1.19203,1.19221,1.19212
EUR_USD,1769700865.0,1.19201,1.19219,1.19210
EUR_USD,1769700870.0,1.19195,1.19212,1.19204
EUR_USD,1769700875.0,1.19181,1.19197,1.19189
EUR_USD,1769700880.0,1.19177,1.19193,1.19185
EUR_USD,1769700885.0,1.19184,1.19200,1.19192
EUR_USD,1769700890.0,1.19194,1.19209,1.19202
EUR_USD,1769700895.0,1.19184,1.19199,1.19192
EUR_USD,1769700900.0,1.19182,1.19197,1.19190
EUR_USD,1769700905.0,1.19187,1.19203,1.19195
EUR_USD,1769700910.0,1.19195,1.19210,1.19203
EUR_USD,1769700915.0,1.19183,1.19198,1.19190
EUR_USD,1769700920.0,1.19184,1.19199,1.19192
EUR_USD,1769700925.0,1.19184,1.19198,1.19191
EUR_USD,1769700930.0,1.19174,1.19190,1.19182
EUR_USD,1769700935.0,1.19183,1.19197,1.19190
EUR_USD,1769700940.0,1.19164,1.19179,1.19171
EUR_USD,1769700945.0,1.19184,1.19198,1.19191
EUR_USD,1769700950.0,1.19195,1.19212,1.19204
EUR_USD,1769700955.0,1.19193,1.19209,1.19201
EUR_USD,1769700960.0,1.19183,1.19198,1.19190
EUR_USD,1769700965.0,1.19176,1.19190,1.19183
EUR_USD,1769700970.0,1.19179,1.19195,1.19187
EUR_USD,1769700975.0,1.19183,1.19199,1.19191
EUR_USD,1769700980.0,1.19183,1.19199,1.19191
EUR_USD,1769700985.0,1.19168,1.19184,1.19176
EUR_USD,1769700990.0,1.19163,1.19179,1.19171
EUR_USD,1769700995.0,1.19161,1.19175,1.19168
EUR_USD,1769701000.0,1.19172,1.19186,1.19179
EUR_USD,1769701005.0,1.19195,1.19209,1.19202
EUR_USD,1769701010.0,1.19187,1.19201,1.19194
EUR_USD,1769701015.0,1.19197,1.19211,1.19204
EUR_USD,1769701020.0,1.19197,1.19215,1.19206
EUR_USD,1769701025.0,1.19200,1.19216,1.19208
EUR_USD,1769701030.0,1.19232,1.19248,1.19240
EUR_USD,1769701035.0,1.19234,1.19254,1.19244
EUR_USD,1769701040.0,1.19247,1.19266,1.19257
EUR_USD,1769701045.0,1.19248,1.19267,1.19257
EUR_USD,1769701050.0,1.19267,1.19286,1.19277
EUR_USD,1769701055.0,1.19268,1.19286,1.19277
EUR_USD,1769701060.0,1.19259,1.19277,1.19268
EUR_USD,1769701065.0,1.19275,1.19292,1.19284
EUR_USD,1769701070.0,1.19287,1.19306,1.19297
EUR_USD,1769701075.0,1.19280,1.19297,1.19288
EUR_USD,1769701080.0,1.19288,1.19306,1.19297
EUR_USD,1769701085.0,1.19293,1.19312,1.19303
EUR_USD,1769701090.0,1.19288,1.19304,1.19296
EUR_USD,1769701095.0,1.19279,1.19297,1.19288
EUR_USD,1769701100.0,1.19283,1.19302,1.19293
EUR_USD,1769701105.0,1.19298,1.19316,1.19307
EUR_USD,1769701110.0,1.19297,1.19314,1.19306
EUR_USD,1769701115.0,1.19302,1.19319,1.19311
EUR_USD,1769701120.0,1.19291,1.19311,1.19301
EUR_USD,1769701125.0,1.19314,1.19329,1.19321
EUR_USD,1769701130.0,1.19340,1.19357,1.19348
EUR_USD,1769701135.0,1.19333,1.19351,1.19342
EUR_USD,1769701140.0,1.19328,1.19346,1.19337
EUR_USD,1769701145.0,1.19320,1.19336,1.19328
EUR_USD,1769701150.0,1.19320,1.19336,1.19328
EUR_USD,1769701155.0,1.19323,1.19340,1.19332
EUR_USD,1769701160.0,1.19329,1.19346,1.19338
EUR_USD,1769701165.0,1.19317,1.19335,1.19326
EUR_USD,1769701170.0,1.19299,1.19314,1.19307
EUR_USD,1769701175.0,1.19289,1.19304,1.19297
EUR_USD,1769701180.0,1.19295,1.19312,1.19304
EUR_USD,1769701185.0,1.19273,1.19288,1.19280
EUR_USD,1769701190.0,1.19272,1.19286,1.19279
EUR_USD,1769701195.0,1.19279,1.19296,1.19287
EUR_USD,1769701200.0,1.19266,1.19283,1.19274
EUR_USD,1769701205.0,1.19268,1.19285,1.19277
EUR_USD,1769701210.0,1.19263,1.19281,1.19272
EUR_USD,1769701215.0,1.19244,1.19260,1.19252
EUR_USD,1769701220.0,1.19259,1.19275,1.19267
EUR_USD,1769701225.0,1.19253,1.19271,1.19262
EUR_USD,1769701230.0,1.19253,1.19269,1.19261
EUR_USD,1769701235.0,1.19256,1.19274,1.19265
EUR_USD,1769701240.0,1.19265,1.19283,1.19274
EUR_USD,1769701245.0,1.19267,1.19284,1.19276
EUR_USD,1769701250.0,1.19258,1.19275,1.19266
EUR_USD,1769701255.0,1.19256,1.19272,1.19264
EUR_USD,1769701260.0,1.19240,1.19258,1.19249
EUR_USD,1769701265.0,1.19238,1.19253,1.19246
EUR_USD,1769701270.0,1.19250,1.19271,1.19260
EUR_USD,1769701275.0,1.19223,1.19239,1.19231
EUR_USD,1769701280.0,1.19227,1.19245,1.19236
EUR_USD,1769701285.0,1.19228,1.19243,1.19236
EUR_USD,1769701290.0,1.19227,1.19245,1.19236
EUR_USD,1769701295.0,1.19218,1.19235,1.19226
EUR_USD,1769701300.0,1.19236,1.19255,1.19246
EUR_USD,1769701305.0,1.19232,1.19251,1.19242
EUR_USD,1769701310.0,1.19250,1.19268,1.19259
EUR_USD,1769701315.0,1.19244,1.19262,1.19253
EUR_USD,1769701320.0,1.19227,1.19246,1.19237
EUR_USD,1769701325.0,1.19243,1.19263,1.19253
EUR_USD,1769701330.0,1.19232,1.19249,1.19240
EUR_USD,1769701335.0,1.19233,1.19250,1.19242
EUR_USD,1769701340.0,1.19216,1.19236,1.19226
EUR_USD,1769701345.0,1.19213,1.19231,1.19222
EUR_USD,1769701350.0,1.19215,1.19233,1.19224
EUR_USD,1769701355.0,1.19207,1.19225,1.19216
EUR_USD,1769701360.0,1.19209,1.19227,1.19218
EUR_USD,1769701365.0,1.19216,1.19232,1.19224
EUR_USD,1769701370.0,1.19218,1.19235,1.19226
EUR_USD,1769701375.0,1.19202,1.19218,1.19210
EUR_USD,1769701380.0,1.19207,1.19224,1.19216
EUR_USD,1769701385.0,1.19211,1.19229,1.19220
EUR_USD,1769701390.0,1.19216,1.19232,1.19224
EUR_USD,1769701395.0,1.19224,1.19242,1.19233
EUR_USD,1769701400.0,1.19245,1.19266,1.19256
EUR_USD,1769701405.0,1.19236,1.19256,1.19246
EUR_USD,1769701410.0,1.19236,1.19255,1.19246
EUR_USD,1769701415.0,1.19233,1.19250,1.19242
EUR_USD,1769701420.0,1.19202,1.19220,1.19211
EUR_USD,1769701425.0,1.19200,1.19217,1.19209
EUR_USD,1769701430.0,1.19211,1.19229,1.19220
EUR_USD,1769701435.0,1.19201,1.19220,1.19210
EUR_USD,1769701440.0,1.19216,1.19233,1.19224
EUR_USD,1769701445.0,1.19193,1.19210,1.19202
EUR_USD,1769701450.0,1.19198,1.19215,1.19206
EUR_USD,1769701455.0,1.19193,1.19211,1.19202
EUR_USD,1769701460.0,1.19185,1.19202,1.19193
EUR_USD,1769701465.0,1.19167,1.19185,1.19176
EUR_USD,1769701470.0,1.19179,1.19197,1.19188
EUR_USD,1769701475.0,1.19152,1.19170,1.19161
EUR_USD,1769701480.0,1.19143,1.19161,1.19152
EUR_USD,1769701485.0,1.19129,1.19147,1.19138
EUR_USD,1769701490.0,1.19130,1.19147,1.19138
EUR_USD,1769701495.0,1.19127,1.19142,1.19135
EUR_USD,1769701500.0,1.19124,1.19141,1.19132
EUR_USD,1769701505.0,1.19146,1.19163,1.19155
EUR_USD,1769701510.0,1.19155,1.19173,1.19164
EUR_USD,1769701515.0,1.19165,1.19183,1.19174
EUR_USD,1769701520.0,1.19170,1.19186,1.19178
EUR_USD,1769701525.0,1.19177,1.19195,1.19186
EUR_USD,1769701530.0,1.19181,1.19199,1.19190
EUR_USD,1769701535.0,1.19181,1.19198,1.19190
EUR_USD,1769701540.0,1.19176,1.19191,1.19183
EUR_USD,1769701545.0,1.19198,1.19215,1.19206
EUR_USD,1769701550.0,1.19213,1.19230,1.19222
EUR_USD,1769701555.0,1.19251,1.19269,1.19260
EUR_USD,1769701560.0,1.19237,1.19253,1.19245
EUR_USD,1769701565.0,1.19232,1.19250,1.19241
EUR_USD,1769701570.0,1.19230,1.19249,1.19239
EUR_USD,1769701575.0,1.19230,1.19249,1.19239
EUR_USD,1769701580.0,1.19219,1.19237,1.19228
EUR_USD,1769701585.0,1.19209,1.19226,1.19218
EUR_USD,1769701590.0,1.19215,1.19232,1.19224
EUR_USD,1769701595.0,1.19231,1.19249,1.19240
EUR_USD,1769701600.0,1.19235,1.19252,1.19244
EUR_USD,1769701605.0,1.19233,1.19251,1.19242
EUR_USD,1769701610.0,1.19224,1.19240,1.19232
EUR_USD,1769701615.0,1.19224,1.19241,1.19232
EUR_USD,1769701620.0,1.19236,1.19252,1.19244
EUR_USD,1769701625.0,1.19222,1.19240,1.19231
EUR_USD,1769701630.0,1.19224,1.19241,1.19232
EUR_USD,1769701635.0,1.19194,1.19211,1.19203
EUR_USD,1769701640.0,1.19185,1.19201,1.19193
EUR_USD,1769701645.0,1.19189,1.19207,1.19198
EUR_USD,1769701650.0,1.19172,1.19189,1.19181
EUR_USD,1769701655.0,1.19191,1.19207,1.19199
EUR_USD,1769701660.0,1.19216,1.19232,1.19224
EUR_USD,1769701665.0,1.19217,1.19234,1.19225
EUR_USD,1769701670.0,1.19232,1.19247,1.19239
EUR_USD,1769701675.0,1.19231,1.19247,1.19239
EUR_USD,1769701680.0,1.19202,1.19220,1.19211
EUR_USD,1769701685.0,1.19196,1.19214,1.19205
EUR_USD,1769701690.0,1.19195,1.19211,1.19203
EUR_USD,1769701695.0,1.19213,1.19229,1.19221
EUR_USD,1769701700.0,1.19212,1.19228,1.19220
EUR_USD,1769701705.0,1.19205,1.19223,1.19214
EUR_USD,1769701710.0,1.19211,1.19228,1.19219
EUR_USD,1769701715.0,1.19212,1.19228,1.19220
EUR_USD,1769701720.0,1.19207,1.19222,1.19215
EUR_USD,1769701725.0,1.19206,1.19223,1.19215
EUR_USD,1769701730.0,1.19197,1.19213,1.19205
EUR_USD,1769701735.0,1.19191,1.19207,1.19199
EUR_USD,1769701740.0,1.19203,1.19217,1.19210
EUR_USD,1769701745.0,1.19219,1.19233,1.19226
EUR_USD,1769701750.0,1.19224,1.19238,1.19231
EUR_USD,1769701755.0,1.19227,1.19241,1.19234
EUR_USD,1769701760.0,1.19229,1.19244,1.19237
EUR_USD,1769701765.0,1.19217,1.19232,1.19224
EUR_USD,1769701770.0,1.19224,1.19239,1.19232
EUR_USD,1769701775.0,1.19228,1.19243,1.19236
EUR_USD,1769701780.0,1.19231,1.19247,1.19239
EUR_USD,1769701785.0,1.19229,1.19245,1.19237
EUR_USD,1769701790.0,1.19236,1.19252,1.19244
EUR_USD,1769701795.0,1.19231,1.19247,1.19239
EUR_USD,1769701800.0,1.19236,1.19250,1.19243
EUR_USD,1769701805.0,1.19240,1.19254,1.19247
EUR_USD,1769701810.0,1.19238,1.19254,1.19246
EUR_USD,1769701815.0,1.19229,1.19245,1.19237
EUR_USD,1769701820.0,1.19259,1.19273,1.19266
EUR_USD,1769701825.0,1.19250,1.19266,1.19258
EUR_USD,1769701830.0,1.19247,1.19261,1.19254
EUR_USD,1769701835.0,1.19241,1.19256,1.19249
EUR_USD,1769701840.0,1.19218,1.19235,1.19226
EUR_USD,1769701845.0,1.19212,1.19227,1.19219
EUR_USD,1769701850.0,1.19211,1.19227,1.19219
EUR_USD,1769701855.0,1.19213,1.19230,1.19222
EUR_USD,1769701860.0,1.19205,1.19220,1.19212
EUR_USD,1769701865.0,1.19206,1.19221,1.19213
EUR_USD,1769701870.0,1.19198,1.19215,1.19206
EUR_USD,1769701875.0,1.19216,1.19231,1.19224
EUR_USD,1769701880.0,1.19239,1.19254,1.19246
EUR_USD,1769701885.0,1.19224,1.19241,1.19232
EUR_USD,1769701890.0,1.19224,1.19240,1.19232
EUR_USD,1769701895.0,1.19218,1.19233,1.19225
EUR_USD,1769701900.0,1.19211,1.19228,1.19219
EUR_USD,1769701905.0,1.19204,1.19220,1.19212
EUR_USD,1769701910.0,1.19204,1.19220,1.19212
EUR_USD,1769701915.0,1.19213,1.19228,1.19220
EUR_USD,1769701920.0,1.19218,1.19232,1.19225
EUR_USD,1769701925.0,1.19214,1.19228,1.19221
EUR_USD,1769701930.0,1.19224,1.19238,1.19231
EUR_USD,1769701935.0,1.19244,1.19258,1.19251
EUR_USD,1769701940.0,1.19237,1.19253,1.19245
EUR_USD,1769701945.0,1.19237,1.19253,1.19245
EUR_USD,1769701950.0,1.19242,1.19257,1.19250
EUR_USD,1769701955.0,1.19243,1.19257,1.19250
EUR_USD,1769701960.0,1.19228,1.19242,1.19235
EUR_USD,1769701965.0,1.19222,1.19237,1.19230
EUR_USD,1769701970.0,1.19218,1.19233,1.19225
EUR_USD,1769701975.0,1.19233,1.19248,1.19240
EUR_USD,1769701980.0,1.19243,1.19257,1.19250
EUR_USD,1769701985.0,1.19231,1.19247,1.19239
EUR_USD,1769701990.0,1.19238,1.19255,1.19246
EUR_USD,1769701995.0,1.19252,1.19267,1.19259
EUR_USD,1769702000.0,1.19238,1.19252,1.19245
EUR_USD,1769702005.0,1.19244,1.19258,1.19251
EUR_USD,1769702010.0,1.19249,1.19263,1.19256
EUR_USD,1769702015.0,1.19261,1.19278,1.19270
EUR_USD,1769702020.0,1.19277,1.19291,1.19284
EUR_USD,1769702025.0,1.19270,1.19286,1.19278
EUR_USD,1769702030.0,1.19270,1.19286,1.19278
EUR_USD,1769702035.0,1.19270,1.19286,1.19278
EUR_USD,1769702040.0,1.19267,1.19284,1.19276
EUR_USD,1769702045.0,1.19261,1.19280,1.19271
EUR_USD,1769702050.0,1.19272,1.19288,1.19280
EUR_USD,1769702055.0,1.19265,1.19283,1.19274
EUR_USD,1769702060.0,1.19275,1.19291,1.19283
EUR_USD,1769702065.0,1.19261,1.19278,1.19270
EUR_USD,1769702070.0,1.19283,1.19297,1.19290
EUR_USD,1769702075.0,1.19280,1.19295,1.19287
EUR_USD,1769702080.0,1.19291,1.19306,1.19298
EUR_USD,1769702085.0,1.19292,1.19307,1.19300
EUR_USD,1769702090.0,1.19292,1.19306,1.19299
EUR_USD,1769702095.0,1.19275,1.19290,1.19283
EUR_USD,1769702100.0,1.19259,1.19273,1.19266
EUR_USD,1769702105.0,1.19247,1.19261,1.19254
EUR_USD,1769702110.0,1.19251,1.19266,1.19259
EUR_USD,1769702115.0,1.19257,1.19274,1.19265
EUR_USD,1769702120.0,1.19272,1.19289,1.19280
EUR_USD,1769702125.0,1.19261,1.19278,1.19270
EUR_USD,1769702130.0,1.19267,1.19283,1.19275
EUR_USD,1769702135.0,1.19276,1.19293,1.19285
EUR_USD,1769702140.0,1.19281,1.19297,1.19289
EUR_USD,1769702145.0,1.19269,1.19288,1.19278
EUR_USD,1769702150.0,1.19274,1.19292,1.19283
EUR_USD,1769702155.0,1.19272,1.19289,1.19280
EUR_USD,1769702160.0,1.19275,1.19294,1.19284
EUR_USD,1769702165.0,1.19274,1.19292,1.19283
EUR_USD,1769702170.0,1.19280,1.19298,1.19289
EUR_USD,1769702175.0,1.19276,1.19294,1.19285
EUR_USD,1769702180.0,1.19285,1.19301,1.19293
EUR_USD,1769702185.0,1.19282,1.19298,1.19290
EUR_USD,1769702190.0,1.19286,1.19302,1.19294
EUR_USD,1769702195.0,1.19285,1.19302,1.19293
EUR_USD,1769702200.0,1.19286,1.19302,1.19294
EUR_USD,1769702205.0,1.19282,1.19298,1.19290
EUR_USD,1769702210.0,1.19284,1.19299,1.19291
EUR_USD,1769702215.0,1.19273,1.19290,1.19281
EUR_USD,1769702220.0,1.19264,1.19280,1.19272
EUR_USD,1769702225.0,1.19246,1.19262,1.19254
EUR_USD,1769702230.0,1.19235,1.19251,1.19243
EUR_USD,1769702235.0,1.19248,1.19265,1.19257
EUR_USD,1769702240.0,1.19246,1.19264,1.19255
EUR_USD,1769702245.0,1.19250,1.19267,1.19258
EUR_USD,1769702250.0,1.19264,1.19281,1.19272
EUR_USD,1769702255.0,1.19265,1.19283,1.19274
EUR_USD,1769702260.0,1.19275,1.19290,1.19283
EUR_USD,1769702265.0,1.19265,1.19282,1.19273
EUR_USD,1769702270.0,1.19261,1.19277,1.19269
EUR_USD,1769702275.0,1.19264,1.19279,1.19271
EUR_USD,1769702280.0,1.19266,1.19282,1.19274
EUR_USD,1769702285.0,1.19267,1.19283,1.19275
EUR_USD,1769702290.0,1.19272,1.19287,1.19280
EUR_USD,1769702295.0,1.19272,1.19288,1.19280
EUR_USD,1769702300.0,1.19270,1.19287,1.19279
EUR_USD,1769702305.0,1.19268,1.19284,1.19276
EUR_USD,1769702310.0,1.19267,1.19283,1.19275
EUR_USD,1769702315.0,1.19271,1.19287,1.19279
EUR_USD,1769702320.0,1.19275,1.19290,1.19283
EUR_USD,1769702325.0,1.19281,1.19297,1.19289
EUR_USD,1769702330.0,1.19282,1.19299,1.19291
EUR_USD,1769702335.0,1.19283,1.19299,1.19291
EUR_USD,1769702340.0,1.19283,1.19300,1.19292
EUR_USD,1769702345.0,1.19275,1.19291,1.19283
EUR_USD,1769702350.0,1.19282,1.19298,1.19290
EUR_USD,1769702355.0,1.19285,1.19301,1.19293
EUR_USD,1769702360.0,1.19291,1.19306,1.19298
EUR_USD,1769702365.0,1.19288,1.19305,1.19297
EUR_USD,1769702370.0,1.19288,1.19302,1.19295
EUR_USD,1769702375.0,1.19285,1.19300,1.19293
EUR_USD,1769702380.0,1.19287,1.19302,1.19294
EUR_USD,1769702385.0,1.19287,1.19301,1.19294
EUR_USD,1769702390.0,1.19286,1.19300,1.19293
EUR_USD,1769702395.0,1.19287,1.19303,1.19295
EUR_USD,1769702400.0,1.19285,1.19300,1.19293
EUR_USD,1769702405.0,1.19288,1.19304,1.19296
EUR_USD,1769702410.0,1.19288,1.19303,1.19295
EUR_USD,1769702415.0,1.19289,1.19305,1.19297
EUR_USD,1769702420.0,1.19300,1.19316,1.19308
EUR_USD,1769702425.0,1.19300,1.19316,1.19308
EUR_USD,1769702430.0,1.19296,1.19312,1.19304
EUR_USD,1769702435.0,1.19296,1.19312,1.19304
EUR_USD,1769702440.0,1.19294,1.19310,1.19302
EUR_USD,1769702445.0,1.19297,1.19313,1.19305
EUR_USD,1769702450.0,1.19300,1.19316,1.19308
EUR_USD,1769702455.0,1.19303,1.19320,1.19312
EUR_USD,1769702460.0,1.19304,1.19319,1.19312
EUR_USD,1769702465.0,1.19296,1.19312,1.19304
EUR_USD,1769702470.0,1.19288,1.19303,1.19295
EUR_USD,1769702475.0,1.19282,1.19297,1.19290
EUR_USD,1769702480.0,1.19275,1.19291,1.19283
EUR_USD,1769702485.0,1.19283,1.19299,1.19291
EUR_USD,1769702490.0,1.19291,1.19307,1.19299
EUR_USD,1769702495.0,1.19296,1.19313,1.19305
EUR_USD,1769702500.0,1.19297,1.19313,1.19305
EUR_USD,1769702505.0,1.19301,1.19316,1.19308
EUR_USD,1769702510.0,1.19302,1.19317,1.19310
EUR_USD,1769702515.0,1.19302,1.19317,1.19310
EUR_USD,1769702520.0,1.19310,1.19325,1.19318
EUR_USD,1769702525.0,1.19313,1.19328,1.19320
EUR_USD,1769702530.0,1.19307,1.19323,1.19315
EUR_USD,1769702535.0,1.19303,1.19317,1.19310
EUR_USD,1769702540.0,1.19282,1.19298,1.19290
EUR_USD,1769702545.0,1.19277,1.19292,1.19285
EUR_USD,1769702550.0,1.19280,1.19297,1.19288
EUR_USD,1769702555.0,1.19276,1.19292,1.19284
EUR_USD,1769702560.0,1.19280,1.19296,1.19288
EUR_USD,1769702565.0,1.19277,1.19293,1.19285
EUR_USD,1769702570.0,1.19286,1.19302,1.19294
EUR_USD,1769702575.0,1.19296,1.19312,1.19304
EUR_USD,1769702580.0,1.19300,1.19316,1.19308
EUR_USD,1769702585.0,1.19292,1.19309,1.19300
EUR_USD,1769702590.0,1.19302,1.19317,1.19310
EUR_USD,1769702595.0,1.19303,1.19319,1.19311
EUR_USD,1769702600.0,1.19307,1.19324,1.19315
EUR_USD,1769702605.0,1.19306,1.19321,1.19314
EUR_USD,1769702610.0,1.19307,1.19323,1.19315
EUR_USD,1769702615.0,1.19301,1.19320,1.19311
EUR_USD,1769702620.0,1.19327,1.19345,1.19336
EUR_USD,1769702625.0,1.19315,1.19331,1.19323
EUR_USD,1769702630.0,1.19325,1.19343,1.19334
EUR_USD,1769702635.0,1.19333,1.19350,1.19341
EUR_USD,1769702640.0,1.19343,1.19359,1.19351
EUR_USD,1769702645.0,1.19346,1.19362,1.19354
EUR_USD,1769702650.0,1.19341,1.19357,1.19349
EUR_USD,1769702655.0,1.19343,1.19358,1.19351
EUR_USD,1769702660.0,1.19337,1.19352,1.19345
EUR_USD,1769702665.0,1.19336,1.19352,1.19344
EUR_USD,1769702670.0,1.19338,1.19353,1.19346
EUR_USD,1769702675.0,1.19352,1.19368,1.19360
EUR_USD,1769702680.0,1.19345,1.19363,1.19354
EUR_USD,1769702685.0,1.19350,1.19366,1.19358
EUR_USD,1769702690.0,1.19342,1.19359,1.19351
EUR_USD,1769702695.0,1.19341,1.19357,1.19349
EUR_USD,1769702700.0,1.19360,1.19376,1.19368
EUR_USD,1769702705.0,1.19372,1.19390,1.19381
EUR_USD,1769702710.0,1.19377,1.19395,1.19386
EUR_USD,1769702715.0,1.19370,1.19387,1.19379
EUR_USD,1769702720.0,1.19388,1.19405,1.19396
EUR_USD,1769702725.0,1.19390,1.19406,1.19398
EUR_USD,1769702730.0,1.19385,1.19401,1.19393
EUR_USD,1769702735.0,1.19397,1.19416,1.19407
EUR_USD,1769702740.0,1.19396,1.19414,1.19405
EUR_USD,1769702745.0,1.19390,1.19406,1.19398
EUR_USD,1769702750.0,1.19396,1.19414,1.19405
EUR_USD,1769702755.0,1.19406,1.19423,1.19414
EUR_USD,1769702760.0,1.19403,1.19419,1.19411
EUR_USD,1769702765.0,1.19398,1.19415,1.19407
EUR_USD,1769702770.0,1.19395,1.19412,1.19403
EUR_USD,1769702775.0,1.19392,1.19408,1.19400
EUR_USD,1769702780.0,1.19410,1.19427,1.19419
EUR_USD,1769702785.0,1.19410,1.19427,1.19419
EUR_USD,1769702790.0,1.19411,1.19427,1.19419
EUR_USD,1769702795.0,1.19411,1.19428,1.19420
EUR_USD,1769702800.0,1.19415,1.19431,1.19423
EUR_USD,1769702805.0,1.19406,1.19422,1.19414
EUR_USD,1769702810.0,1.19396,1.19413,1.19405
EUR_USD,1769702815.0,1.19401,1.19419,1.19410
EUR_USD,1769702820.0,1.19396,1.19416,1.19406
EUR_USD,1769702825.0,1.19386,1.19402,1.19394
EUR_USD,1769702830.0,1.19369,1.19384,1.19376
EUR_USD,1769702835.0,1.19360,1.19378,1.19369
EUR_USD,1769702840.0,1.19350,1.19367,1.19359
EUR_USD,1769702845.0,1.19360,1.19376,1.19368
EUR_USD,1769702850.0,1.19359,1.19377,1.19368
EUR_USD,1769702855.0,1.19357,1.19372,1.19365
EUR_USD,1769702860.0,1.19370,1.19387,1.19379
EUR_USD,1769702865.0,1.19370,1.19385,1.19378
EUR_USD,1769702870.0,1.19361,1.19377,1.19369
EUR_USD,1769702875.0,1.19360,1.19376,1.19368
EUR_USD,1769702880.0,1.19345,1.19362,1.19353
EUR_USD,1769702885.0,1.19332,1.19349,1.19340
EUR_USD,1769702890.0,1.19329,1.19345,1.19337
EUR_USD,1769702895.0,1.19324,1.19341,1.19333
EUR_USD,1769702900.0,1.19324,1.19341,1.19333
EUR_USD,1769702905.0,1.19341,1.19356,1.19348
EUR_USD,1769702910.0,1.19350,1.19365,1.19358
EUR_USD,1769702915.0,1.19366,1.19380,1.19373
EUR_USD,1769702920.0,1.19359,1.19374,1.19366
EUR_USD,1769702925.0,1.19338,1.19355,1.19347
EUR_USD,1769702930.0,1.19329,1.19346,1.19338
EUR_USD,1769702935.0,1.19334,1.19350,1.19342
EUR_USD,1769702940.0,1.19337,1.19355,1.19346
EUR_USD,1769702945.0,1.19341,1.19357,1.19349
EUR_USD,1769702950.0,1.19341,1.19357,1.19349
EUR_USD,1769702955.0,1.19333,1.19347,1.19340
EUR_USD,1769702960.0,1.19342,1.19358,1.19350
EUR_USD,1769702965.0,1.19339,1.19354,1.19346
EUR_USD,1769702970.0,1.19350,1.19364,1.19357
EUR_USD,1769702975.0,1.19342,1.19357,1.19349
EUR_USD,1769702980.0,1.19337,1.19353,1.19345
EUR_USD,1769702985.0,1.19348,1.19362,1.19355
EUR_USD,1769702990.0,1.19339,1.19353,1.19346
EUR_USD,1769702995.0,1.19342,1.19356,1.19349
EUR_USD,1769703000.0,1.19320,1.19334,1.19327
EUR_USD,1769703005.0,1.19317,1.19331,1.19324
EUR_USD,1769703010.0,1.19315,1.19330,1.19322
EUR_USD,1769703015.0,1.19316,1.19331,1.19324
EUR_USD,1769703020.0,1.19335,1.19351,1.19343
EUR_USD,1769703025.0,1.19340,1.19356,1.19348
EUR_USD,1769703030.0,1.19339,1.19354,1.19346
EUR_USD,1769703035.0,1.19341,1.19357,1.19349
EUR_USD,1769703040.0,1.19344,1.19360,1.19352
EUR_USD,1769703045.0,1.19330,1.19347,1.19339
EUR_USD,1769703050.0,1.19336,1.19352,1.19344
EUR_USD,1769703055.0,1.19337,1.19352,1.19345
EUR_USD,1769703060.0,1.19336,1.19350,1.19343
EUR_USD,1769703065.0,1.19348,1.19363,1.19355
EUR_USD,1769703070.0,1.19353,1.19369,1.19361
EUR_USD,1769703075.0,1.19355,1.19369,1.19362
EUR_USD,1769703080.0,1.19358,1.19373,1.19366
EUR_USD,1769703085.0,1.19367,1.19382,1.19375
EUR_USD,1769703090.0,1.19368,1.19385,1.19376
EUR_USD,1769703095.0,1.19367,1.19382,1.19375
EUR_USD,1769703100.0,1.19374,1.19390,1.19382
EUR_USD,1769703105.0,1.19365,1.19381,1.19373
EUR_USD,1769703110.0,1.19366,1.19384,1.19375
EUR_USD,1769703115.0,1.19368,1.19384,1.19376
EUR_USD,1769703120.0,1.19373,1.19388,1.19381
EUR_USD,1769703125.0,1.19377,1.19393,1.19385
EUR_USD,1769703130.0,1.19378,1.19393,1.19386
EUR_USD,1769703135.0,1.19370,1.19387,1.19379
EUR_USD,1769703140.0,1.19367,1.19383,1.19375
EUR_USD,1769703145.0,1.19357,1.19374,1.19366
EUR_USD,1769703150.0,1.19341,1.19357,1.19349
EUR_USD,1769703155.0,1.19343,1.19359,1.19351
EUR_USD,1769703160.0,1.19347,1.19363,1.19355
EUR_USD,1769703165.0,1.19352,1.19367,1.19359
EUR_USD,1769703170.0,1.19353,1.19369,1.19361
EUR_USD,1769703175.0,1.19347,1.19363,1.19355
EUR_USD,1769703180.0,1.19354,1.19370,1.19362
EUR_USD,1769703185.0,1.19346,1.19362,1.19354
EUR_USD,1769703190.0,1.19354,1.19370,1.19362
EUR_USD,1769703195.0,1.19353,1.19369,1.19361
EUR_USD,1769703200.0,1.19357,1.19372,1.19365
EUR_USD,1769703205.0,1.19349,1.19363,1.19356
EUR_USD,1769703210.0,1.19349,1.19364,1.19356
EUR_USD,1769703215.0,1.19331,1.19348,1.19340
EUR_USD,1769703220.0,1.19340,1.19355,1.19348
EUR_USD,1769703225.0,1.19341,1.19357,1.19349
EUR_USD,1769703230.0,1.19337,1.19353,1.19345
EUR_USD,1769703235.0,1.19334,1.19349,1.19341
EUR_USD,1769703240.0,1.19344,1.19360,1.19352
EUR_USD,1769703245.0,1.19334,1.19349,1.19341
EUR_USD,1769703250.0,1.19343,1.19358,1.19351
EUR_USD,1769703255.0,1.19347,1.19363,1.19355
EUR_USD,1769703260.0,1.19355,1.19371,1.19363
EUR_USD,1769703265.0,1.19367,1.19382,1.19375
EUR_USD,1769703270.0,1.19350,1.19366,1.19358
EUR_USD,1769703275.0,1.19359,1.19375,1.19367
EUR_USD,1769703280.0,1.19356,1.19372,1.19364
EUR_USD,1769703285.0,1.19351,1.19365,1.19358
EUR_USD,1769703290.0,1.19360,1.19375,1.19368
EUR_USD,1769703295.0,1.19357,1.19372,1.19365
EUR_USD,1769703300.0,1.19357,1.19373,1.19365
EUR_USD,1769703305.0,1.19365,1.19381,1.19373
EUR_USD,1769703310.0,1.19365,1.19380,1.19373
EUR_USD,1769703315.0,1.19366,1.19382,1.19374
EUR_USD,1769703320.0,1.19362,1.19377,1.19369
EUR_USD,1769703325.0,1.19378,1.19394,1.19386
EUR_USD,1769703330.0,1.19387,1.19404,1.19395
EUR_USD,1769703335.0,1.19393,1.19409,1.19401
EUR_USD,1769703340.0,1.19391,1.19407,1.19399
EUR_USD,1769703345.0,1.19382,1.19398,1.19390
EUR_USD,1769703350.0,1.19352,1.19369,1.19360
EUR_USD,1769703355.0,1.19351,1.19368,1.19360
EUR_USD,1769703360.0,1.19340,1.19359,1.19349
EUR_USD,1769703365.0,1.19346,1.19361,1.19354
EUR_USD,1769703370.0,1.19349,1.19366,1.19358
EUR_USD,1769703375.0,1.19347,1.19363,1.19355
EUR_USD,1769703380.0,1.19346,1.19361,1.19354
EUR_USD,1769703385.0,1.19336,1.19352,1.19344
EUR_USD,1769703390.0,1.19342,1.19359,1.19351
EUR_USD,1769703395.0,1.19343,1.19359,1.19351
EUR_USD,1769703400.0,1.19345,1.19361,1.19353
EUR_USD,1769703405.0,1.19340,1.19357,1.19348
EUR_USD,1769703410.0,1.19316,1.19334,1.19325
EUR_USD,1769703415.0,1.19316,1.19333,1.19325
EUR_USD,1769703420.0,1.19312,1.19327,1.19320
EUR_USD,1769703425.0,1.19300,1.19316,1.19308
EUR_USD,1769703430.0,1.19306,1.19323,1.19314
EUR_USD,1769703435.0,1.19311,1.19326,1.19318
EUR_USD,1769703440.0,1.19311,1.19328,1.19319
EUR_USD,1769703445.0,1.19307,1.19322,1.19314
EUR_USD,1769703450.0,1.19297,1.19313,1.19305
EUR_USD,1769703455.0,1.19311,1.19326,1.19318
EUR_USD,1769703460.0,1.19306,1.19322,1.19314
EUR_USD,1769703465.0,1.19318,1.19334,1.19326
EUR_USD,1769703470.0,1.19319,1.19336,1.19327
EUR_USD,1769703475.0,1.19332,1.19350,1.19341
EUR_USD,1769703480.0,1.19335,1.19352,1.19344
EUR_USD,1769703485.0,1.19324,1.19342,1.19333
EUR_USD,1769703490.0,1.19331,1.19347,1.19339
EUR_USD,1769703495.0,1.19335,1.19352,1.19344
EUR_USD,1769703500.0,1.19337,1.19352,1.19345
EUR_USD,1769703505.0,1.19335,1.19353,1.19344
EUR_USD,1769703510.0,1.19337,1.19354,1.19346
EUR_USD,1769703515.0,1.19341,1.19358,1.19349
EUR_USD,1769703520.0,1.19343,1.19358,1.19351
EUR_USD,1769703525.0,1.19341,1.19358,1.19349
EUR_USD,1769703530.0,1.19336,1.19351,1.19344
EUR_USD,1769703535.0,1.19339,1.19354,1.19346
EUR_USD,1769703540.0,1.19347,1.19362,1.19354
EUR_USD,1769703545.0,1.19347,1.19362,1.19354
EUR_USD,1769703550.0,1.19342,1.19359,1.19351
EUR_USD,1769703555.0,1.19341,1.19357,1.19349
EUR_USD,1769703560.0,1.19342,1.19356,1.19349
EUR_USD,1769703565.0,1.19331,1.19347,1.19339
EUR_USD,1769703570.0,1.19311,1.19327,1.19319
EUR_USD,1769703575.0,1.19322,1.19338,1.19330
EUR_USD,1769703580.0,1.19306,1.19321,1.19314
EUR_USD,1769703585.0,1.19302,1.19317,1.19310
EUR_USD,1769703590.0,1.19296,1.19311,1.19304
EUR_USD,1769703595.0,1.19293,1.19309,1.19301
EUR_USD,1769703600.0,1.19318,1.19333,1.19325
EUR_USD,1769703605.0,1.19322,1.19336,1.19329
EUR_USD,1769703610.0,1.19298,1.19313,1.19305
EUR_USD,1769703615.0,1.19302,1.19316,1.19309
EUR_USD,1769703620.0,1.19310,1.19324,1.19317
EUR_USD,1769703625.0,1.19320,1.19334,1.19327
EUR_USD,1769703630.0,1.19327,1.19344,1.19335
EUR_USD,1769703635.0,1.19321,1.19337,1.19329
EUR_USD,1769703640.0,1.19319,1.19335,1.19327
EUR_USD,1769703645.0,1.19317,1.19332,1.19325
EUR_USD,1769703650.0,1.19321,1.19336,1.19328
EUR_USD,1769703655.0,1.19322,1.19337,1.19329
EUR_USD,1769703660.0,1.19318,1.19333,1.19325
EUR_USD,1769703665.0,1.19318,1.19334,1.19326
EUR_USD,1769703670.0,1.19301,1.19316,1.19308
EUR_USD,1769703675.0,1.19306,1.19322,1.19314
EUR_USD,1769703680.0,1.19306,1.19324,1.19315
EUR_USD,1769703685.0,1.19307,1.19323,1.19315
EUR_USD,1769703690.0,1.19311,1.19328,1.19319
EUR_USD,1769703695.0,1.19311,1.19328,1.19319
EUR_USD,1769703700.0,1.19311,1.19329,1.19320
EUR_USD,1769703705.0,1.19303,1.19321,1.19312
EUR_USD,1769703710.0,1.19311,1.19327,1.19319
EUR_USD,1769703715.0,1.19309,1.19325,1.19317
EUR_USD,1769703720.0,1.19312,1.19328,1.19320
EUR_USD,1769703725.0,1.19315,1.19332,1.19324
EUR_USD,1769703730.0,1.19322,1.19340,1.19331
EUR_USD,1769703735.0,1.19331,1.19348,1.19340
EUR_USD,1769703740.0,1.19327,1.19345,1.19336
EUR_USD,1769703745.0,1.19322,1.19339,1.19331
EUR_USD,1769703750.0,1.19309,1.19326,1.19318
EUR_USD,1769703755.0,1.19306,1.19323,1.19314
EUR_USD,1769703760.0,1.19305,1.19322,1.19313
EUR_USD,1769703765.0,1.19296,1.19312,1.19304
EUR_USD,1769703770.0,1.19296,1.19312,1.19304
EUR_USD,1769703775.0,1.19277,1.19295,1.19286
EUR_USD,1769703780.0,1.19287,1.19304,1.19295
EUR_USD,1769703785.0,1.19285,1.19302,1.19293
EUR_USD,1769703790.0,1.19295,1.19313,1.19304
EUR_USD,1769703795.0,1.19293,1.19311,1.19302
EUR_USD,1769703800.0,1.19282,1.19300,1.19291
EUR_USD,1769703805.0,1.19288,1.19305,1.19297
EUR_USD,1769703810.0,1.19289,1.19306,1.19298
EUR_USD,1769703815.0,1.19289,1.19306,1.19298
EUR_USD,1769703820.0,1.19290,1.19305,1.19298
EUR_USD,1769703825.0,1.19289,1.19305,1.19297
EUR_USD,1769703830.0,1.19284,1.19300,1.19292
EUR_USD,1769703835.0,1.19285,1.19301,1.19293
EUR_USD,1769703840.0,1.19310,1.19328,1.19319
EUR_USD,1769703845.0,1.19310,1.19327,1.19319
EUR_USD,1769703850.0,1.19316,1.19332,1.19324
EUR_USD,1769703855.0,1.19315,1.19332,1.19324
EUR_USD,1769703860.0,1.19311,1.19326,1.19318
EUR_USD,1769703865.0,1.19329,1.19345,1.19337
EUR_USD,1769703870.0,1.19323,1.19340,1.19332
EUR_USD,1769703875.0,1.19318,1.19333,1.19325
EUR_USD,1769703880.0,1.19324,1.19341,1.19333
EUR_USD,1769703885.0,1.19329,1.19345,1.19337
EUR_USD,1769703890.0,1.19325,1.19342,1.19333
EUR_USD,1769703895.0,1.19314,1.19331,1.19322
EUR_USD,1769703900.0,1.19315,1.19331,1.19323
EUR_USD,1769703905.0,1.19306,1.19323,1.19314
EUR_USD,1769703910.0,1.19310,1.19326,1.19318
EUR_USD,1769703915.0,1.19306,1.19321,1.19314
EUR_USD,1769703920.0,1.19317,1.19333,1.19325
EUR_USD,1769703925.0,1.19330,1.19345,1.19338
EUR_USD,1769703930.0,1.19336,1.19354,1.19345
EUR_USD,1769703935.0,1.19336,1.19354,1.19345
EUR_USD,1769703940.0,1.19336,1.19352,1.19344
EUR_USD,1769703945.0,1.19345,1.19363,1.19354
EUR_USD,1769703950.0,1.19332,1.19351,1.19341
EUR_USD,1769703955.0,1.19340,1.19357,1.19348
EUR_USD,1769703960.0,1.19344,1.19360,1.19352
EUR_USD,1769703965.0,1.19362,1.19378,1.19370
EUR_USD,1769703970.0,1.19357,1.19376,1.19366
EUR_USD,1769703975.0,1.19362,1.19380,1.19371
EUR_USD,1769703980.0,1.19362,1.19381,1.19372
EUR_USD,1769703985.0,1.19362,1.19380,1.19371
EUR_USD,1769703990.0,1.19360,1.19377,1.19368
EUR_USD,1769703995.0,1.19361,1.19378,1.19369
EUR_USD,1769704000.0,1.19361,1.19378,1.19369
EUR_USD,1769704005.0,1.19381,1.19396,1.19388
EUR_USD,1769704010.0,1.19354,1.19372,1.19363
EUR_USD,1769704015.0,1.19360,1.19376,1.19368
EUR_USD,1769704020.0,1.19369,1.19388,1.19379
EUR_USD,1769704025.0,1.19372,1.19389,1.19380
EUR_USD,1769704030.0,1.19367,1.19383,1.19375
EUR_USD,1769704035.0,1.19368,1.19384,1.19376
EUR_USD,1769704040.0,1.19369,1.19387,1.19378
EUR_USD,1769704045.0,1.19359,1.19377,1.19368
EUR_USD,1769704050.0,1.19354,1.19372,1.19363
EUR_USD,1769704055.0,1.19345,1.19361,1.19353
EUR_USD,1769704060.0,1.19348,1.19364,1.19356
EUR_USD,1769704065.0,1.19345,1.19361,1.19353
EUR_USD,1769704070.0,1.19356,1.19374,1.19365
EUR_USD,1769704075.0,1.19357,1.19374,1.19366
EUR_USD,1769704080.0,1.19364,1.19380,1.19372
EUR_USD,1769704085.0,1.19374,1.19391,1.19382
EUR_USD,1769704090.0,1.19375,1.19391,1.19383
EUR_USD,1769704095.0,1.19369,1.19385,1.19377
EUR_USD,1769704100.0,1.19365,1.19380,1.19373
EUR_USD,1769704105.0,1.19365,1.19380,1.19373
EUR_USD,1769704110.0,1.19360,1.19377,1.19368
EUR_USD,1769704115.0,1.19353,1.19371,1.19362
EUR_USD,1769704120.0,1.19361,1.19378,1.19369
EUR_USD,1769704125.0,1.19357,1.19373,1.19365
EUR_USD,1769704130.0,1.19360,1.19377,1.19368
EUR_USD,1769704135.0,1.19360,1.19377,1.19368
EUR_USD,1769704140.0,1.19354,1.19371,1.19362
EUR_USD,1769704145.0,1.19352,1.19369,1.19360
EUR_USD,1769704150.0,1.19351,1.19368,1.19360
EUR_USD,1769704155.0,1.19361,1.19376,1.19368
EUR_USD,1769704160.0,1.19359,1.19375,1.19367
EUR_USD,1769704165.0,1.19361,1.19378,1.19369
EUR_USD,1769704170.0,1.19365,1.19382,1.19374
EUR_USD,1769704175.0,1.19367,1.19383,1.19375
EUR_USD,1769704180.0,1.19366,1.19382,1.19374
EUR_USD,1769704185.0,1.19359,1.19376,1.19367
EUR_USD,1769704190.0,1.19360,1.19377,1.19368
EUR_USD,1769704195.0,1.19356,1.19372,1.19364
EUR_USD,1769704200.0,1.19356,1.19373,1.19365
EUR_USD,1769704205.0,1.19356,1.19371,1.19364
EUR_USD,1769704210.0,1.19355,1.19373,1.19364
EUR_USD,1769704215.0,1.19370,1.19387,1.19379
EUR_USD,1769704220.0,1.19371,1.19389,1.19380
EUR_USD,1769704225.0,1.19373,1.19389,1.19381
EUR_USD,1769704230.0,1.19376,1.19392,1.19384
EUR_USD,1769704235.0,1.19369,1.19385,1.19377
EUR_USD,1769704240.0,1.19375,1.19391,1.19383
EUR_USD,1769704245.0,1.19367,1.19383,1.19375
EUR_USD,1769704250.0,1.19351,1.19367,1.19359
EUR_USD,1769704255.0,1.19349,1.19365,1.19357
EUR_USD,1769704260.0,1.19356,1.19374,1.19365
EUR_USD,1769704265.0,1.19357,1.19374,1.19366
EUR_USD,1769704270.0,1.19351,1.19366,1.19359
EUR_USD,1769704275.0,1.19356,1.19371,1.19364
EUR_USD,1769704280.0,1.19369,1.19383,1.19376
EUR_USD,1769704285.0,1.19362,1.19377,1.19369
EUR_USD,1769704290.0,1.19381,1.19397,1.19389
EUR_USD,1769704295.0,1.19393,1.19408,1.19400
EUR_USD,1769704300.0,1.19390,1.19407,1.19399
EUR_USD,1769704305.0,1.19387,1.19403,1.19395
EUR_USD,1769704310.0,1.19386,1.19404,1.19395
EUR_USD,1769704315.0,1.19392,1.19407,1.19400
EUR_USD,1769704320.0,1.19392,1.19407,1.19400
EUR_USD,1769704325.0,1.19392,1.19408,1.19400
EUR_USD,1769704330.0,1.19377,1.19392,1.19385
EUR_USD,1769704335.0,1.19378,1.19396,1.19387
EUR_USD,1769704340.0,1.19376,1.19392,1.19384
EUR_USD,1769704345.0,1.19382,1.19401,1.19392
EUR_USD,1769704350.0,1.19386,1.19404,1.19395
EUR_USD,1769704355.0,1.19391,1.19410,1.19400
EUR_USD,1769704360.0,1.19389,1.19407,1.19398
EUR_USD,1769704365.0,1.19393,1.19412,1.19402
EUR_USD,1769704370.0,1.19392,1.19411,1.19402
EUR_USD,1769704375.0,1.19390,1.19409,1.19400
EUR_USD,1769704380.0,1.19387,1.19404,1.19395
EUR_USD,1769704385.0,1.19387,1.19403,1.19395
EUR_USD,1769704390.0,1.19389,1.19404,1.19396
EUR_USD,1769704395.0,1.19391,1.19407,1.19399
EUR_USD,1769704400.0,1.19384,1.19399,1.19392
EUR_USD,1769704405.0,1.19385,1.19401,1.19393
EUR_USD,1769704410.0,1.19381,1.19396,1.19388
EUR_USD,1769704415.0,1.19386,1.19404,1.19395
EUR_USD,1769704420.0,1.19383,1.19399,1.19391
EUR_USD,1769704425.0,1.19377,1.19394,1.19386
EUR_USD,1769704430.0,1.19376,1.19393,1.19385
EUR_USD,1769704435.0,1.19376,1.19392,1.19384
EUR_USD,1769704440.0,1.19375,1.19391,1.19383
EUR_USD,1769704445.0,1.19362,1.19379,1.19371
EUR_USD,1769704450.0,1.19375,1.19392,1.19383
EUR_USD,1769704455.0,1.19369,1.19384,1.19376
EUR_USD,1769704460.0,1.19376,1.19393,1.19385
EUR_USD,1769704465.0,1.19378,1.19394,1.19386
EUR_USD,1769704470.0,1.19378,1.19395,1.19387
EUR_USD,1769704475.0,1.19375,1.19390,1.19382
EUR_USD,1769704480.0,1.19370,1.19386,1.19378
EUR_USD,1769704485.0,1.19369,1.19386,1.19378
EUR_USD,1769704490.0,1.19366,1.19384,1.19375
EUR_USD,1769704495.0,1.19377,1.19393,1.19385
EUR_USD,1769704500.0,1.19375,1.19391,1.19383
EUR_USD,1769704505.0,1.19372,1.19388,1.19380
EUR_USD,1769704510.0,1.19373,1.19389,1.19381
EUR_USD,1769704515.0,1.19364,1.19381,1.19373
EUR_USD,1769704520.0,1.19365,1.19382,1.19374
EUR_USD,1769704525.0,1.19355,1.19373,1.19364
EUR_USD,1769704530.0,1.19345,1.19364,1.19354
EUR_USD,1769704535.0,1.19347,1.19364,1.19355
EUR_USD,1769704540.0,1.19336,1.19351,1.19344
EUR_USD,1769704545.0,1.19325,1.19342,1.19333
EUR_USD,1769704550.0,1.19323,1.19342,1.19332
EUR_USD,1769704555.0,1.19318,1.19336,1.19327
EUR_USD,1769704560.0,1.19307,1.19323,1.19315
EUR_USD,1769704565.0,1.19318,1.19334,1.19326
EUR_USD,1769704570.0,1.19324,1.19341,1.19333
EUR_USD,1769704575.0,1.19325,1.19342,1.19333
EUR_USD,1769704580.0,1.19320,1.19336,1.19328
EUR_USD,1769704585.0,1.19326,1.19343,1.19334
EUR_USD,1769704590.0,1.19324,1.19341,1.19333
EUR_USD,1769704595.0,1.19328,1.19345,1.19337
EUR_USD,1769704600.0,1.19329,1.19346,1.19338
EUR_USD,1769704605.0,1.19320,1.19337,1.19328
EUR_USD,1769704610.0,1.19319,1.19334,1.19327
EUR_USD,1769704615.0,1.19331,1.19347,1.19339
EUR_USD,1769704620.0,1.19338,1.19353,1.19346
EUR_USD,1769704625.0,1.19358,1.19375,1.19367
EUR_USD,1769704630.0,1.19351,1.19369,1.19360
EUR_USD,1769704635.0,1.19356,1.19374,1.19365
EUR_USD,1769704640.0,1.19356,1.19372,1.19364
EUR_USD,1769704645.0,1.19355,1.19371,1.19363
EUR_USD,1769704650.0,1.19336,1.19352,1.19344
EUR_USD,1769704655.0,1.19335,1.19351,1.19343
EUR_USD,1769704660.0,1.19341,1.19355,1.19348
EUR_USD,1769704665.0,1.19335,1.19350,1.19342
EUR_USD,1769704670.0,1.19333,1.19349,1.19341
EUR_USD,1769704675.0,1.19334,1.19350,1.19342
EUR_USD,1769704680.0,1.19331,1.19346,1.19339
EUR_USD,1769704685.0,1.19325,1.19341,1.19333
EUR_USD,1769704690.0,1.19327,1.19343,1.19335
EUR_USD,1769704695.0,1.19328,1.19343,1.19335
EUR_USD,1769704700.0,1.19323,1.19337,1.19330
EUR_USD,1769704705.0,1.19328,1.19343,1.19335
EUR_USD,1769704710.0,1.19329,1.19345,1.19337
EUR_USD,1769704715.0,1.19330,1.19344,1.19337
EUR_USD,1769704720.0,1.19323,1.19337,1.19330
EUR_USD,1769704725.0,1.19329,1.19344,1.19337
EUR_USD,1769704730.0,1.19326,1.19340,1.19333
EUR_USD,1769704735.0,1.19324,1.19338,1.19331
EUR_USD,1769704740.0,1.19324,1.19341,1.19333
EUR_USD,1769704745.0,1.19337,1.19352,1.19345
EUR_USD,1769704750.0,1.19347,1.19364,1.19355
EUR_USD,1769704755.0,1.19346,1.19362,1.19354
EUR_USD,1769704760.0,1.19348,1.19365,1.19356
EUR_USD,1769704765.0,1.19346,1.19362,1.19354
EUR_USD,1769704770.0,1.19356,1.19373,1.19365
EUR_USD,1769704775.0,1.19360,1.19376,1.19368
EUR_USD,1769704780.0,1.19361,1.19375,1.19368
EUR_USD,1769704785.0,1.19360,1.19375,1.19368
EUR_USD,1769704790.0,1.19355,1.19370,1.19362
EUR_USD,1769704795.0,1.19352,1.19367,1.19359
EUR_USD,1769704800.0,1.19347,1.19362,1.19354
EUR_USD,1769704805.0,1.19352,1.19366,1.19359
EUR_USD,1769704810.0,1.19352,1.19366,1.19359
EUR_USD,1769704815.0,1.19351,1.19368,1.19360
EUR_USD,1769704820.0,1.19361,1.19377,1.19369
EUR_USD,1769704825.0,1.19372,1.19388,1.19380
EUR_USD,1769704830.0,1.19387,1.19404,1.19395
EUR_USD,1769704835.0,1.19390,1.19407,1.19399
EUR_USD,1769704840.0,1.19399,1.19417,1.19408
EUR_USD,1769704845.0,1.19419,1.19436,1.19428
EUR_USD,1769704850.0,1.19418,1.19434,1.19426
EUR_USD,1769704855.0,1.19423,1.19440,1.19432
EUR_USD,1769704860.0,1.19421,1.19437,1.19429
EUR_USD,1769704865.0,1.19433,1.19448,1.19440
EUR_USD,1769704870.0,1.19427,1.19442,1.19434
EUR_USD,1769704875.0,1.19425,1.19440,1.19433
EUR_USD,1769704880.0,1.19429,1.19445,1.19437
EUR_USD,1769704885.0,1.19431,1.19449,1.19440
EUR_USD,1769704890.0,1.19429,1.19446,1.19437
EUR_USD,1769704895.0,1.19431,1.19445,1.19438
EUR_USD,1769704900.0,1.19436,1.19451,1.19443
EUR_USD,1769704905.0,1.19435,1.19449,1.19442
EUR_USD,1769704910.0,1.19435,1.19449,1.19442
EUR_USD,1769704915.0,1.19436,1.19450,1.19443
EUR_USD,1769704920.0,1.19449,1.19465,1.19457
EUR_USD,1769704925.0,1.19457,1.19471,1.19464
EUR_USD,1769704930.0,1.19459,1.19474,1.19467
EUR_USD,1769704935.0,1.19457,1.19473,1.19465
EUR_USD,1769704940.0,1.19456,1.19471,1.19463
EUR_USD,1769704945.0,1.19456,1.19470,1.19463
EUR_USD,1769704950.0,1.19456,1.19471,1.19463
EUR_USD,1769704955.0,1.19465,1.19481,1.19473
EUR_USD,1769704960.0,1.19454,1.19471,1.19462
EUR_USD,1769704965.0,1.19456,1.19474,1.19465
EUR_USD,1769704970.0,1.19455,1.19471,1.19463
EUR_USD,1769704975.0,1.19445,1.19462,1.19454
EUR_USD,1769704980.0,1.19442,1.19459,1.19450
EUR_USD,1769704985.0,1.19437,1.19453,1.19445
EUR_USD,1769704990.0,1.19430,1.19446,1.19438
EUR_USD,1769704995.0,1.19427,1.19441,1.19434
EUR_USD,1769705000.0,1.19430,1.19445,1.19437
EUR_USD,1769705005.0,1.19433,1.19449,1.19441
EUR_USD,1769705010.0,1.19433,1.19449,1.19441
EUR_USD,1769705015.0,1.19433,1.19449,1.19441
EUR_USD,1769705020.0,1.19437,1.19453,1.19445
EUR_USD,1769705025.0,1.19434,1.19451,1.19442
EUR_USD,1769705030.0,1.19438,1.19453,1.19446
EUR_USD,1769705035.0,1.19435,1.19450,1.19442
EUR_USD,1769705040.0,1.19436,1.19452,1.19444
EUR_USD,1769705045.0,1.19436,1.19453,1.19444
EUR_USD,1769705050.0,1.19435,1.19451,1.19443
EUR_USD,1769705055.0,1.19435,1.19451,1.19443
EUR_USD,1769705060.0,1.19434,1.19449,1.19442
EUR_USD,1769705065.0,1.19428,1.19445,1.19436
EUR_USD,1769705070.0,1.19425,1.19441,1.19433
EUR_USD,1769705075.0,1.19423,1.19439,1.19431
EUR_USD,1769705080.0,1.19428,1.19445,1.19436
EUR_USD,1769705085.0,1.19433,1.19449,1.19441
EUR_USD,1769705090.0,1.19433,1.19449,1.19441
EUR_USD,1769705095.0,1.19434,1.19450,1.19442
EUR_USD,1769705100.0,1.19428,1.19445,1.19436
EUR_USD,1769705105.0,1.19425,1.19442,1.19434
EUR_USD,1769705110.0,1.19426,1.19441,1.19434
EUR_USD,1769705115.0,1.19423,1.19439,1.19431
EUR_USD,1769705120.0,1.19427,1.19442,1.19434
EUR_USD,1769705125.0,1.19426,1.19442,1.19434
EUR_USD,1769705130.0,1.19435,1.19452,1.19443
EUR_USD,1769705135.0,1.19435,1.19452,1.19443
EUR_USD,1769705140.0,1.19436,1.19453,1.19444
EUR_USD,1769705145.0,1.19431,1.19448,1.19440
EUR_USD,1769705150.0,1.19434,1.19449,1.19442
EUR_USD,1769705155.0,1.19431,1.19446,1.19439
EUR_USD,1769705160.0,1.19436,1.19452,1.19444
EUR_USD,1769705165.0,1.19457,1.19472,1.19464
EUR_USD,1769705170.0,1.19473,1.19489,1.19481
EUR_USD,1769705175.0,1.19476,1.19492,1.19484
EUR_USD,1769705180.0,1.19476,1.19492,1.19484
EUR_USD,1769705185.0,1.19467,1.19484,1.19475
EUR_USD,1769705190.0,1.19467,1.19482,1.19474
EUR_USD,1769705195.0,1.19466,1.19482,1.19474
EUR_USD,1769705200.0,1.19465,1.19482,1.19474
EUR_USD,1769705205.0,1.19466,1.19482,1.19474
EUR_USD,1769705210.0,1.19466,1.19482,1.19474
EUR_USD,1769705215.0,1.19464,1.19482,1.19473
EUR_USD,1769705220.0,1.19451,1.19466,1.19459
EUR_USD,1769705225.0,1.19444,1.19461,1.19453
EUR_USD,1769705230.0,1.19451,1.19468,1.19460
EUR_USD,1769705235.0,1.19445,1.19460,1.19453
EUR_USD,1769705240.0,1.19448,1.19462,1.19455
EUR_USD,1769705245.0,1.19451,1.19467,1.19459
EUR_USD,1769705250.0,1.19453,1.19470,1.19462
EUR_USD,1769705255.0,1.19455,1.19471,1.19463
EUR_USD,1769705260.0,1.19456,1.19471,1.19463
EUR_USD,1769705265.0,1.19463,1.19480,1.19471
EUR_USD,1769705270.0,1.19457,1.19473,1.19465
EUR_USD,1769705275.0,1.19460,1.19477,1.19469
EUR_USD,1769705280.0,1.19472,1.19487,1.19480
EUR_USD,1769705285.0,1.19472,1.19488,1.19480
EUR_USD,1769705290.0,1.19466,1.19481,1.19474
EUR_USD,1769705295.0,1.19466,1.19484,1.19475
EUR_USD,1769705300.0,1.19455,1.19471,1.19463
EUR_USD,1769705305.0,1.19454,1.19471,1.19462
EUR_USD,1769705310.0,1.19453,1.19470,1.19462
EUR_USD,1769705315.0,1.19457,1.19473,1.19465
EUR_USD,1769705320.0,1.19443,1.19459,1.19451
EUR_USD,1769705325.0,1.19446,1.19463,1.19455
EUR_USD,1769705330.0,1.19463,1.19480,1.19471
EUR_USD,1769705335.0,1.19462,1.19478,1.19470
EUR_USD,1769705340.0,1.19461,1.19479,1.19470
EUR_USD,1769705345.0,1.19479,1.19494,1.19487
EUR_USD,1769705350.0,1.19475,1.19492,1.19483
EUR_USD,1769705355.0,1.19476,1.19495,1.19486
EUR_USD,1769705360.0,1.19491,1.19507,1.19499
EUR_USD,1769705365.0,1.19495,1.19511,1.19503
EUR_USD,1769705370.0,1.19489,1.19508,1.19498
EUR_USD,1769705375.0,1.19491,1.19506,1.19498
EUR_USD,1769705380.0,1.19493,1.19509,1.19501
EUR_USD,1769705385.0,1.19497,1.19513,1.19505
EUR_USD,1769705390.0,1.19493,1.19509,1.19501
EUR_USD,1769705395.0,1.19492,1.19506,1.19499
EUR_USD,1769705400.0,1.19485,1.19502,1.19494
EUR_USD,1769705405.0,1.19483,1.19499,1.19491
EUR_USD,1769705410.0,1.19491,1.19508,1.19500
EUR_USD,1769705415.0,1.19497,1.19512,1.19504
EUR_USD,1769705420.0,1.19510,1.19525,1.19517
EUR_USD,1769705425.0,1.19509,1.19525,1.19517
EUR_USD,1769705430.0,1.19518,1.19533,1.19525
EUR_USD,1769705435.0,1.19512,1.19528,1.19520
EUR_USD,1769705440.0,1.19513,1.19528,1.19521
EUR_USD,1769705445.0,1.19512,1.19530,1.19521
EUR_USD,1769705450.0,1.19512,1.19529,1.19521
EUR_USD,1769705455.0,1.19512,1.19528,1.19520
EUR_USD,1769705460.0,1.19506,1.19523,1.19515
EUR_USD,1769705465.0,1.19506,1.19522,1.19514
EUR_USD,1769705470.0,1.19498,1.19514,1.19506
EUR_USD,1769705475.0,1.19496,1.19511,1.19503
EUR_USD,1769705480.0,1.19499,1.19515,1.19507
EUR_USD,1769705485.0,1.19499,1.19516,1.19508
EUR_USD,1769705490.0,1.19497,1.19512,1.19504
EUR_USD,1769705495.0,1.19498,1.19512,1.19505
EUR_USD,1769705500.0,1.19497,1.19513,1.19505
EUR_USD,1769705505.0,1.19497,1.19512,1.19504
EUR_USD,1769705510.0,1.19500,1.19516,1.19508
EUR_USD,1769705515.0,1.19491,1.19507,1.19499
EUR_USD,1769705520.0,1.19484,1.19501,1.19493
EUR_USD,1769705525.0,1.19491,1.19505,1.19498
EUR_USD,1769705530.0,1.19488,1.19503,1.19495
EUR_USD,1769705535.0,1.19481,1.19497,1.19489
EUR_USD,1769705540.0,1.19494,1.19511,1.19502
EUR_USD,1769705545.0,1.19481,1.19497,1.19489
EUR_USD,1769705550.0,1.19477,1.19494,1.19486
EUR_USD,1769705555.0,1.19464,1.19481,1.19473
EUR_USD,1769705560.0,1.19447,1.19463,1.19455
EUR_USD,1769705565.0,1.19445,1.19462,1.19454
EUR_USD,1769705570.0,1.19445,1.19461,1.19453
EUR_USD,1769705575.0,1.19442,1.19458,1.19450
EUR_USD,1769705580.0,1.19439,1.19458,1.19449
EUR_USD,1769705585.0,1.19442,1.19459,1.19450
EUR_USD,1769705590.0,1.19444,1.19461,1.19453
EUR_USD,1769705595.0,1.19451,1.19467,1.19459
EUR_USD,1769705600.0,1.19450,1.19466,1.19458
EUR_USD,1769705605.0,1.19449,1.19466,1.19457
EUR_USD,1769705610.0,1.19460,1.19477,1.19469
EUR_USD,1769705615.0,1.19453,1.19471,1.19462
EUR_USD,1769705620.0,1.19451,1.19468,1.19460
EUR_USD,1769705625.0,1.19455,1.19472,1.19463
EUR_USD,1769705630.0,1.19454,1.19470,1.19462
EUR_USD,1769705635.0,1.19455,1.19471,1.19463
EUR_USD,1769705640.0,1.19430,1.19448,1.19439
EUR_USD,1769705645.0,1.19444,1.19461,1.19453
EUR_USD,1769705650.0,1.19451,1.19466,1.19459
EUR_USD,1769705655.0,1.19448,1.19463,1.19456
EUR_USD,1769705660.0,1.19448,1.19463,1.19456
EUR_USD,1769705665.0,1.19456,1.19472,1.19464
EUR_USD,1769705670.0,1.19458,1.19473,1.19466
EUR_USD,1769705675.0,1.19461,1.19479,1.19470
EUR_USD,1769705680.0,1.19461,1.19476,1.19468
EUR_USD,1769705685.0,1.19465,1.19480,1.19473
EUR_USD,1769705690.0,1.19466,1.19482,1.19474
EUR_USD,1769705695.0,1.19465,1.19482,1.19474
EUR_USD,1769705700.0,1.19467,1.19483,1.19475
EUR_USD,1769705705.0,1.19476,1.19491,1.19483
EUR_USD,1769705710.0,1.19476,1.19490,1.19483
EUR_USD,1769705715.0,1.19473,1.19488,1.19481
EUR_USD,1769705720.0,1.19476,1.19492,1.19484
EUR_USD,1769705725.0,1.19480,1.19495,1.19488
EUR_USD,1769705730.0,1.19481,1.19496,1.19488
EUR_USD,1769705735.0,1.19477,1.19491,1.19484
EUR_USD,1769705740.0,1.19477,1.19492,1.19484
EUR_USD,1769705745.0,1.19481,1.19496,1.19488
EUR_USD,1769705750.0,1.19482,1.19497,1.19490
EUR_USD,1769705755.0,1.19473,1.19489,1.19481
EUR_USD,1769705760.0,1.19482,1.19497,1.19490
EUR_USD,1769705765.0,1.19482,1.19498,1.19490
EUR_USD,1769705770.0,1.19480,1.19497,1.19489
EUR_USD,1769705775.0,1.19481,1.19497,1.19489
EUR_USD,1769705780.0,1.19476,1.19491,1.19483
EUR_USD,1769705785.0,1.19486,1.19502,1.19494
EUR_USD,1769705790.0,1.19486,1.19500,1.19493
EUR_USD,1769705795.0,1.19484,1.19498,1.19491
EUR_USD,1769705800.0,1.19486,1.19501,1.19494
EUR_USD,1769705805.0,1.19482,1.19496,1.19489
EUR_USD,1769705810.0,1.19485,1.19501,1.19493
EUR_USD,1769705815.0,1.19489,1.19503,1.19496
EUR_USD,1769705820.0,1.19485,1.19501,1.19493
EUR_USD,1769705825.0,1.19484,1.19501,1.19493
EUR_USD,1769705830.0,1.19486,1.19502,1.19494
EUR_USD,1769705835.0,1.19485,1.19500,1.19493
EUR_USD,1769705840.0,1.19485,1.19502,1.19494
EUR_USD,1769705845.0,1.19482,1.19499,1.19490
EUR_USD,1769705850.0,1.19475,1.19493,1.19484
EUR_USD,1769705855.0,1.19455,1.19472,1.19463
EUR_USD,1769705860.0,1.19449,1.19466,1.19457
EUR_USD,1769705865.0,1.19450,1.19466,1.19458
EUR_USD,1769705870.0,1.19449,1.19466,1.19457
EUR_USD,1769705875.0,1.19445,1.19461,1.19453
EUR_USD,1769705880.0,1.19439,1.19455,1.19447
EUR_USD,1769705885.0,1.19433,1.19451,1.19442
EUR_USD,1769705890.0,1.19437,1.19454,1.19446
EUR_USD,1769705895.0,1.19444,1.19461,1.19453
EUR_USD,1769705900.0,1.19440,1.19457,1.19448
EUR_USD,1769705905.0,1.19438,1.19455,1.19447
EUR_USD,1769705910.0,1.19447,1.19463,1.19455
EUR_USD,1769705915.0,1.19441,1.19458,1.19449
EUR_USD,1769705920.0,1.19441,1.19457,1.19449
EUR_USD,1769705925.0,1.19444,1.19460,1.19452
EUR_USD,1769705930.0,1.19428,1.19445,1.19436
EUR_USD,1769705935.0,1.19438,1.19456,1.19447
EUR_USD,1769705940.0,1.19440,1.19457,1.19448
EUR_USD,1769705945.0,1.19435,1.19451,1.19443
EUR_USD,1769705950.0,1.19431,1.19448,1.19440
EUR_USD,1769705955.0,1.19433,1.19448,1.19440
EUR_USD,1769705960.0,1.19432,1.19449,1.19441
EUR_USD,1769705965.0,1.19432,1.19449,1.19441
EUR_USD,1769705970.0,1.19438,1.19454,1.19446
EUR_USD,1769705975.0,1.19437,1.19454,1.19446
EUR_USD,1769705980.0,1.19434,1.19452,1.19443
EUR_USD,1769705985.0,1.19439,1.19456,1.19448
EUR_USD,1769705990.0,1.19424,1.19441,1.19433
EUR_USD,1769705995.0,1.19418,1.19435,1.19427
EUR_USD,1769706000.0,1.19418,1.19435,1.19427
EUR_USD,1769706005.0,1.19419,1.19435,1.19427
EUR_USD,1769706010.0,1.19428,1.19443,1.19436
EUR_USD,1769706015.0,1.19421,1.19437,1.19429
EUR_USD,1769706020.0,1.19424,1.19439,1.19432
EUR_USD,1769706025.0,1.19439,1.19456,1.19448
EUR_USD,1769706030.0,1.19441,1.19456,1.19449
EUR_USD,1769706035.0,1.19442,1.19458,1.19450
EUR_USD,1769706040.0,1.19440,1.19456,1.19448
EUR_USD,1769706045.0,1.19430,1.19447,1.19439
EUR_USD,1769706050.0,1.19442,1.19458,1.19450
EUR_USD,1769706055.0,1.19438,1.19454,1.19446
EUR_USD,1769706060.0,1.19447,1.19464,1.19455
EUR_USD,1769706065.0,1.19446,1.19461,1.19454
EUR_USD,1769706070.0,1.19460,1.19476,1.19468
EUR_USD,1769706075.0,1.19465,1.19482,1.19474
EUR_USD,1769706080.0,1.19466,1.19482,1.19474
EUR_USD,1769706085.0,1.19461,1.19478,1.19469
EUR_USD,1769706090.0,1.19475,1.19492,1.19483
EUR_USD,1769706095.0,1.19468,1.19482,1.19475
EUR_USD,1769706100.0,1.19465,1.19482,1.19474
EUR_USD,1769706105.0,1.19454,1.19472,1.19463
EUR_USD,1769706110.0,1.19455,1.19472,1.19463
EUR_USD,1769706115.0,1.19457,1.19473,1.19465
EUR_USD,1769706120.0,1.19450,1.19468,1.19459
EUR_USD,1769706125.0,1.19452,1.19469,1.19461
EUR_USD,1769706130.0,1.19445,1.19463,1.19454
EUR_USD,1769706135.0,1.19450,1.19468,1.19459
EUR_USD,1769706140.0,1.19454,1.19472,1.19463
EUR_USD,1769706145.0,1.19455,1.19470,1.19463
EUR_USD,1769706150.0,1.19455,1.19471,1.19463
EUR_USD,1769706155.0,1.19455,1.19471,1.19463
EUR_USD,1769706160.0,1.19456,1.19472,1.19464
EUR_USD,1769706165.0,1.19451,1.19467,1.19459
EUR_USD,1769706170.0,1.19447,1.19464,1.19455
EUR_USD,1769706175.0,1.19450,1.19465,1.19457
EUR_USD,1769706180.0,1.19448,1.19463,1.19456
EUR_USD,1769706185.0,1.19446,1.19462,1.19454
EUR_USD,1769706190.0,1.19453,1.19469,1.19461
EUR_USD,1769706195.0,1.19463,1.19478,1.19470
EUR_USD,1769706200.0,1.19466,1.19481,1.19474
EUR_USD,1769706205.0,1.19465,1.19481,1.19473
EUR_USD,1769706210.0,1.19470,1.19486,1.19478
EUR_USD,1769706215.0,1.19466,1.19481,1.19474
EUR_USD,1769706220.0,1.19460,1.19478,1.19469
EUR_USD,1769706225.0,1.19457,1.19474,1.19466
EUR_USD,1769706230.0,1.19459,1.19476,1.19468
EUR_USD,1769706235.0,1.19459,1.19476,1.19468
EUR_USD,1769706240.0,1.19457,1.19474,1.19466
EUR_USD,1769706245.0,1.19481,1.19498,1.19489
EUR_USD,1769706250.0,1.19484,1.19499,1.19491
EUR_USD,1769706255.0,1.19476,1.19492,1.19484
EUR_USD,1769706260.0,1.19470,1.19489,1.19480
EUR_USD,1769706265.0,1.19471,1.19488,1.19480
EUR_USD,1769706270.0,1.19489,1.19507,1.19498
EUR_USD,1769706275.0,1.19496,1.19512,1.19504
EUR_USD,1769706280.0,1.19495,1.19513,1.19504
EUR_USD,1769706285.0,1.19489,1.19506,1.19497
EUR_USD,1769706290.0,1.19487,1.19502,1.19495
EUR_USD,1769706295.0,1.19487,1.19502,1.19495
EUR_USD,1769706300.0,1.19500,1.19517,1.19509
EUR_USD,1769706305.0,1.19496,1.19514,1.19505
EUR_USD,1769706310.0,1.19488,1.19505,1.19496
EUR_USD,1769706315.0,1.19500,1.19516,1.19508
EUR_USD,1769706320.0,1.19500,1.19519,1.19510
EUR_USD,1769706325.0,1.19506,1.19523,1.19515
EUR_USD,1769706330.0,1.19500,1.19516,1.19508
EUR_USD,1769706335.0,1.19496,1.19513,1.19504
EUR_USD,1769706340.0,1.19497,1.19513,1.19505
EUR_USD,1769706345.0,1.19485,1.19502,1.19494
EUR_USD,1769706350.0,1.19485,1.19502,1.19494
EUR_USD,1769706355.0,1.19497,1.19512,1.19504
EUR_USD,1769706360.0,1.19466,1.19485,1.19476
EUR_USD,1769706365.0,1.19471,1.19489,1.19480
EUR_USD,1769706370.0,1.19481,1.19498,1.19489
EUR_USD,1769706375.0,1.19481,1.19498,1.19489
EUR_USD,1769706380.0,1.19475,1.19492,1.19483
EUR_USD,1769706385.0,1.19470,1.19487,1.19478
EUR_USD,1769706390.0,1.19471,1.19488,1.19480
EUR_USD,1769706395.0,1.19487,1.19505,1.19496
EUR_USD,1769706400.0,1.19480,1.19497,1.19489
EUR_USD,1769706405.0,1.19484,1.19500,1.19492
EUR_USD,1769706410.0,1.19491,1.19507,1.19499
EUR_USD,1769706415.0,1.19487,1.19504,1.19496
EUR_USD,1769706420.0,1.19488,1.19505,1.19496
EUR_USD,1769706425.0,1.19499,1.19517,1.19508
EUR_USD,1769706430.0,1.19495,1.19512,1.19503
EUR_USD,1769706435.0,1.19495,1.19511,1.19503
EUR_USD,1769706440.0,1.19496,1.19514,1.19505
EUR_USD,1769706445.0,1.19496,1.19513,1.19504
EUR_USD,1769706450.0,1.19495,1.19512,1.19503
EUR_USD,1769706455.0,1.19506,1.19524,1.19515
EUR_USD,1769706460.0,1.19506,1.19523,1.19515
EUR_USD,1769706465.0,1.19502,1.19519,1.19510
EUR_USD,1769706470.0,1.19499,1.19516,1.19508
EUR_USD,1769706475.0,1.19496,1.19514,1.19505
EUR_USD,1769706480.0,1.19499,1.19516,1.19508
EUR_USD,1769706485.0,1.19501,1.19518,1.19509
EUR_USD,1769706490.0,1.19498,1.19517,1.19508
EUR_USD,1769706495.0,1.19499,1.19517,1.19508
EUR_USD,1769706500.0,1.19501,1.19518,1.19509
EUR_USD,1769706505.0,1.19496,1.19515,1.19505
EUR_USD,1769706510.0,1.19496,1.19514,1.19505
EUR_USD,1769706515.0,1.19492,1.19509,1.19501
EUR_USD,1769706520.0,1.19501,1.19518,1.19509
EUR_USD,1769706525.0,1.19505,1.19522,1.19514
EUR_USD,1769706530.0,1.19505,1.19523,1.19514
EUR_USD,1769706535.0,1.19506,1.19525,1.19515
